Time,Type,Quantity,Price
02-01-2023 09:00:00,ResampledType,462768,15.215886
02-01-2023 09:00:01,ResampledType,-1641421,15.145231
02-01-2023 09:00:02,ResampledType,2896732,15.139022
02-01-2023 09:00:03,ResampledType,-4633136,15.208157
02-01-2023 09:00:04,ResampledType,1309941,15.304199
02-01-2023 09:00:05,ResampledType,-1486085,15.272424
02-01-2023 09:00:06,ResampledType,4124803,15.236519
02-01-2023 09:00:07,ResampledType,560585,15.257332
02-01-2023 09:00:08,ResampledType,736023,15.275927
02-01-2023 09:00:09,ResampledType,210792,15.406996
02-01-2023 09:00:10,ResampledType,-4634249,15.428429
02-01-2023 09:00:11,ResampledType,3218804,15.379307
02-01-2023 09:00:12,ResampledType,-3507636,15.415361
02-01-2023 09:00:13,ResampledType,-4269778,15.373965
02-01-2023 09:00:14,ResampledType,9045169,15.30455
02-01-2023 09:00:15,ResampledType,120584,15.323902
02-01-2023 09:00:16,ResampledType,-23925,15.387096
02-01-2023 09:00:17,ResampledType,100824,15.56147
02-01-2023 09:00:18,ResampledType,-3978556,15.759053
02-01-2023 09:00:19,ResampledType,4000075,15.780284
02-01-2023 09:00:20,ResampledType,185,15.805576
02-01-2023 09:00:21,ResampledType,-207497,15.991769
02-01-2023 09:00:22,ResampledType,165044,16.04007
02-01-2023 09:00:23,ResampledType,-347178,15.908233
02-01-2023 09:00:24,ResampledType,80120,15.877846
02-01-2023 09:00:25,ResampledType,64562,15.864702
02-01-2023 09:00:26,ResampledType,-58197,15.852926
02-01-2023 09:00:27,ResampledType,-9630908,15.81375
02-01-2023 09:00:28,ResampledType,5114151,15.786735
02-01-2023 09:00:29,ResampledType,-1118080,15.791348
02-01-2023 09:00:30,ResampledType,2230875,15.767405
02-01-2023 09:00:31,ResampledType,3204046,15.756295
02-01-2023 09:00:32,ResampledType,-4688892,15.52644
02-01-2023 09:00:33,ResampledType,3168635,15.497991
02-01-2023 09:00:34,ResampledType,-147915,15.537212
02-01-2023 09:00:35,ResampledType,-648641,15.511834
02-01-2023 09:00:36,ResampledType,-2844,15.4711685
02-01-2023 09:00:37,ResampledType,2483149,15.446192
02-01-2023 09:00:38,ResampledType,-1977111,15.636539
02-01-2023 09:00:39,ResampledType,1585462,15.633659
02-01-2023 09:00:40,ResampledType,-5194366,15.243419
02-01-2023 09:00:41,ResampledType,4034907,15.183782
02-01-2023 09:00:42,ResampledType,124887,15.227734
02-01-2023 09:00:43,ResampledType,1383070,15.440838
02-01-2023 09:00:44,ResampledType,-372798,15.507296
02-01-2023 09:00:45,ResampledType,-2003593,15.497871
02-01-2023 09:00:46,ResampledType,909517,15.475116
02-01-2023 09:00:47,ResampledType,-219227,15.41314
02-01-2023 09:00:48,ResampledType,-301107,15.355961
02-01-2023 09:00:49,ResampledType,2351973,15.475085
02-01-2023 09:00:50,ResampledType,-801770,15.61585
02-01-2023 09:00:51,ResampledType,-372934,15.597459
02-01-2023 09:00:52,ResampledType,1059098,15.592955
02-01-2023 09:00:53,ResampledType,88068,15.587072
02-01-2023 09:00:54,ResampledType,-2697153,15.575432
02-01-2023 09:00:55,ResampledType,-1210146,15.545243
02-01-2023 09:00:56,ResampledType,-1297838,15.506816
02-01-2023 09:00:57,ResampledType,4404258,15.525244
02-01-2023 09:00:58,ResampledType,268375,15.644485
02-01-2023 09:00:59,ResampledType,-1146188,15.808034
02-01-2023 09:01:00,ResampledType,-73561,15.81419
02-01-2023 09:01:01,ResampledType,-3217392,15.81204
02-01-2023 09:01:02,ResampledType,356532,15.776348
02-01-2023 09:01:03,ResampledType,4022482,15.634005
02-01-2023 09:01:04,ResampledType,516892,15.545976
02-01-2023 09:01:05,ResampledType,76054,15.713088
02-01-2023 09:01:06,ResampledType,-58874,15.7477865
02-01-2023 09:01:07,ResampledType,1681,15.739621
02-01-2023 09:01:08,ResampledType,-617148,15.897289
02-01-2023 09:01:09,ResampledType,-817693,15.982965
02-01-2023 09:01:10,ResampledType,1403677,15.924506
02-01-2023 09:01:11,ResampledType,-347011,15.940392
02-01-2023 09:01:12,ResampledType,179006,16.04395
02-01-2023 09:01:13,ResampledType,-217763,16.133139
02-01-2023 09:01:14,ResampledType,507176,16.170483
02-01-2023 09:01:15,ResampledType,-1432986,16.286512
02-01-2023 09:01:16,ResampledType,619920,16.408783
02-01-2023 09:01:17,ResampledType,519979,16.4833
02-01-2023 09:01:18,ResampledType,-4943479,16.486332
02-01-2023 09:01:19,ResampledType,1943166,16.370974
02-01-2023 09:01:20,ResampledType,-442287,16.391422
02-01-2023 09:01:21,ResampledType,-4052289,16.344002
02-01-2023 09:01:22,ResampledType,7757979,16.324469
02-01-2023 09:01:23,ResampledType,-247209,16.629358
02-01-2023 09:01:24,ResampledType,-351113,16.526482
02-01-2023 09:01:25,ResampledType,-891150,16.574228
02-01-2023 09:01:26,ResampledType,-3344153,16.437254
02-01-2023 09:01:27,ResampledType,-360893,16.284824
02-01-2023 09:01:28,ResampledType,2015137,16.273724
02-01-2023 09:01:29,ResampledType,-932983,16.28346
02-01-2023 09:01:30,ResampledType,-3339140,16.221397
02-01-2023 09:01:31,ResampledType,-598664,16.08105
02-01-2023 09:01:32,ResampledType,6581188,16.035637
02-01-2023 09:01:33,ResampledType,-550921,16.04197
02-01-2023 09:01:34,ResampledType,1160702,16.070446
02-01-2023 09:01:35,ResampledType,-613967,16.140614
02-01-2023 09:01:36,ResampledType,-183715,16.064905
02-01-2023 09:01:37,ResampledType,1563629,16.035158
02-01-2023 09:01:38,ResampledType,-1858482,16.019533
02-01-2023 09:01:39,ResampledType,-3400308,15.984481
02-01-2023 09:01:40,ResampledType,2346319,15.874333
02-01-2023 09:01:41,ResampledType,-3263562,15.881625
02-01-2023 09:01:42,ResampledType,6019481,15.863813
02-01-2023 09:01:43,ResampledType,-8572,15.864664
02-01-2023 09:01:44,ResampledType,-4086585,15.8409815
02-01-2023 09:01:45,ResampledType,-176545,15.894337
02-01-2023 09:01:46,ResampledType,1416018,15.730698
02-01-2023 09:01:47,ResampledType,2056612,15.8031845
02-01-2023 09:01:48,ResampledType,-27700,15.800194
02-01-2023 09:01:49,ResampledType,1094747,15.704907
02-01-2023 09:01:50,ResampledType,-379626,15.736555
02-01-2023 09:01:51,ResampledType,59398,15.984268
02-01-2023 09:01:52,ResampledType,-401083,16.462845
02-01-2023 09:01:53,ResampledType,-3507824,16.433174
02-01-2023 09:01:54,ResampledType,-248965,16.358795
02-01-2023 09:01:55,ResampledType,-1269260,16.313221
02-01-2023 09:01:56,ResampledType,3856590,16.336557
02-01-2023 09:01:57,ResampledType,246776,16.580622
02-01-2023 09:01:58,ResampledType,1453619,16.663704
02-01-2023 09:01:59,ResampledType,154782,16.730417
02-01-2023 09:02:00,ResampledType,-2102540,17.19412
02-01-2023 09:02:01,ResampledType,-574050,16.880913
02-01-2023 09:02:02,ResampledType,1428987,16.514936
02-01-2023 09:02:03,ResampledType,583013,16.558731
02-01-2023 09:02:04,ResampledType,-533618,16.693317
02-01-2023 09:02:05,ResampledType,713422,16.66193
02-01-2023 09:02:06,ResampledType,470479,16.660072
02-01-2023 09:02:07,ResampledType,-11490289,16.741196
02-01-2023 09:02:08,ResampledType,8067553,16.69036
02-01-2023 09:02:09,ResampledType,3024519,16.856808
02-01-2023 09:02:10,ResampledType,-3306033,17.085062
02-01-2023 09:02:11,ResampledType,-469251,16.988228
02-01-2023 09:02:12,ResampledType,2927962,16.931477
02-01-2023 09:02:13,ResampledType,1242364,16.9659
02-01-2023 09:02:14,ResampledType,73815,17.054443
02-01-2023 09:02:15,ResampledType,-301813,17.068222
02-01-2023 09:02:16,ResampledType,210220,17.022884
02-01-2023 09:02:17,ResampledType,63473,17.072212
02-01-2023 09:02:18,ResampledType,20321,17.135736
02-01-2023 09:02:19,ResampledType,-869146,17.210613
02-01-2023 09:02:20,ResampledType,-559435,17.043055
02-01-2023 09:02:21,ResampledType,800278,16.912663
02-01-2023 09:02:22,ResampledType,-709714,16.861696
02-01-2023 09:02:23,ResampledType,687227,16.804375
02-01-2023 09:02:24,ResampledType,341673,16.886805
02-01-2023 09:02:25,ResampledType,-1000898,16.98399
02-01-2023 09:02:26,ResampledType,-378582,16.923508
02-01-2023 09:02:27,ResampledType,515721,16.93003
02-01-2023 09:02:28,ResampledType,-1691561,16.94569
02-01-2023 09:02:29,ResampledType,2294962,16.752016
02-01-2023 09:02:30,ResampledType,84845,16.767464
02-01-2023 09:02:31,ResampledType,141382,16.782913
02-01-2023 09:02:32,ResampledType,-77559,16.852924
02-01-2023 09:02:33,ResampledType,-165802,16.761284
02-01-2023 09:02:34,ResampledType,-640729,16.745443
02-01-2023 09:02:35,ResampledType,-471623,16.75395
02-01-2023 09:02:36,ResampledType,1559442,16.73238
02-01-2023 09:02:37,ResampledType,113170,16.759356
02-01-2023 09:02:38,ResampledType,-370994,16.77051
02-01-2023 09:02:39,ResampledType,154796,16.661348
02-01-2023 09:02:40,ResampledType,-358304,16.70205
02-01-2023 09:02:41,ResampledType,-225534,16.65415
02-01-2023 09:02:42,ResampledType,-2803062,16.576172
02-01-2023 09:02:43,ResampledType,2875130,16.199553
02-01-2023 09:02:44,ResampledType,-4160734,16.177567
02-01-2023 09:02:45,ResampledType,4619991,16.243044
02-01-2023 09:02:46,ResampledType,-21197,16.218636
02-01-2023 09:02:47,ResampledType,322991,16.247545
02-01-2023 09:02:48,ResampledType,-4654348,16.506401
02-01-2023 09:02:49,ResampledType,161237,16.515362
02-01-2023 09:02:50,ResampledType,1533782,16.589241
02-01-2023 09:02:51,ResampledType,-448305,16.56773
02-01-2023 09:02:52,ResampledType,2905088,16.477869
02-01-2023 09:02:53,ResampledType,-1468322,16.503708
02-01-2023 09:02:54,ResampledType,-527299,16.450167
02-01-2023 09:02:55,ResampledType,-4672439,16.32228
02-01-2023 09:02:56,ResampledType,903611,16.27306
02-01-2023 09:02:57,ResampledType,286193,16.360893
02-01-2023 09:02:58,ResampledType,1426496,16.415976
02-01-2023 09:02:59,ResampledType,2158566,16.467045
02-01-2023 09:03:00,ResampledType,-1680610,16.254023
02-01-2023 09:03:01,ResampledType,-1743376,16.129797
02-01-2023 09:03:02,ResampledType,51377,16.117828
02-01-2023 09:03:03,ResampledType,4610170,15.997788
02-01-2023 09:03:04,ResampledType,178093,16.113739
02-01-2023 09:03:05,ResampledType,-3071861,16.147568
02-01-2023 09:03:06,ResampledType,-2911075,16.081356
02-01-2023 09:03:07,ResampledType,3102604,15.996648
02-01-2023 09:03:08,ResampledType,2288883,16.02565
02-01-2023 09:03:09,ResampledType,959808,16.059355
02-01-2023 09:03:10,ResampledType,-695827,16.118895
02-01-2023 09:03:11,ResampledType,696461,15.991242
02-01-2023 09:03:12,ResampledType,98465,16.132404
02-01-2023 09:03:13,ResampledType,-2042659,16.269121
02-01-2023 09:03:14,ResampledType,382053,16.231186
02-01-2023 09:03:15,ResampledType,2031322,16.295591
02-01-2023 09:03:16,ResampledType,-1728702,16.366827
02-01-2023 09:03:17,ResampledType,899031,16.330688
02-01-2023 09:03:18,ResampledType,783954,16.290977
02-01-2023 09:03:19,ResampledType,-939197,16.297161
02-01-2023 09:03:20,ResampledType,-2164665,16.293098
02-01-2023 09:03:21,ResampledType,-13244,16.28792
02-01-2023 09:03:22,ResampledType,-266752,16.230225
02-01-2023 09:03:23,ResampledType,3544315,16.29892
02-01-2023 09:03:24,ResampledType,-274682,16.4665
02-01-2023 09:03:25,ResampledType,88600,16.31472
02-01-2023 09:03:26,ResampledType,214415,16.339878
02-01-2023 09:03:27,ResampledType,-1100453,16.414894
02-01-2023 09:03:28,ResampledType,-318398,16.337708
02-01-2023 09:03:29,ResampledType,-741953,16.26474
02-01-2023 09:03:30,ResampledType,1049108,16.222984
02-01-2023 09:03:31,ResampledType,367030,16.242903
02-01-2023 09:03:32,ResampledType,-11268,16.35902
02-01-2023 09:03:33,ResampledType,-738744,16.359495
02-01-2023 09:03:34,ResampledType,312092,16.358047
02-01-2023 09:03:35,ResampledType,-639001,16.400675
02-01-2023 09:03:36,ResampledType,792584,16.381506
02-01-2023 09:03:37,ResampledType,682626,16.411516
02-01-2023 09:03:38,ResampledType,320584,16.615198
02-01-2023 09:03:39,ResampledType,19461,17.170864
02-01-2023 09:03:40,ResampledType,-287008,17.46085
02-01-2023 09:03:41,ResampledType,-2573378,17.411327
02-01-2023 09:03:42,ResampledType,1854035,17.389383
02-01-2023 09:03:43,ResampledType,545516,17.385906
02-01-2023 09:03:44,ResampledType,-1445692,17.560108
02-01-2023 09:03:45,ResampledType,203695,17.474045
02-01-2023 09:03:46,ResampledType,-2086565,17.439806
02-01-2023 09:03:47,ResampledType,1548924,17.400063
02-01-2023 09:03:48,ResampledType,2121488,17.371702
02-01-2023 09:03:49,ResampledType,-4440665,17.49154
02-01-2023 09:03:50,ResampledType,4441968,17.5746
02-01-2023 09:03:51,ResampledType,-624669,17.61391
02-01-2023 09:03:52,ResampledType,-500288,17.595942
02-01-2023 09:03:53,ResampledType,-375186,17.490854
02-01-2023 09:03:54,ResampledType,1534268,17.5122
02-01-2023 09:03:55,ResampledType,-582357,17.533306
02-01-2023 09:03:56,ResampledType,-321751,17.551239
02-01-2023 09:03:57,ResampledType,-25139,17.569136
02-01-2023 09:03:58,ResampledType,1012803,17.50874
02-01-2023 09:03:59,ResampledType,-2955420,17.55917
02-01-2023 09:04:00,ResampledType,-938331,17.395945
02-01-2023 09:04:01,ResampledType,21595,17.332188
02-01-2023 09:04:02,ResampledType,1732577,17.09008
02-01-2023 09:04:03,ResampledType,1634968,17.170141
02-01-2023 09:04:04,ResampledType,27289,17.257929
02-01-2023 09:04:05,ResampledType,-5991208,17.209606
02-01-2023 09:04:06,ResampledType,3611857,17.120499
02-01-2023 09:04:07,ResampledType,2462689,17.167286
02-01-2023 09:04:08,ResampledType,-73597,16.645273
02-01-2023 09:04:09,ResampledType,-5528959,16.58339
02-01-2023 09:04:10,ResampledType,-2308489,16.384533
02-01-2023 09:04:11,ResampledType,2012426,16.405346
02-01-2023 09:04:12,ResampledType,5310909,16.369425
02-01-2023 09:04:13,ResampledType,-863544,16.340006
02-01-2023 09:04:14,ResampledType,-777803,16.37689
02-01-2023 09:04:15,ResampledType,1774659,16.142822
02-01-2023 09:04:16,ResampledType,-1431814,16.070238
02-01-2023 09:04:17,ResampledType,1616129,16.055317
02-01-2023 09:04:18,ResampledType,-49616,16.102644
02-01-2023 09:04:19,ResampledType,-577886,16.056631
02-01-2023 09:04:20,ResampledType,373034,16.08743
02-01-2023 09:04:21,ResampledType,232386,16.083868
02-01-2023 09:04:22,ResampledType,-1673625,16.122122
02-01-2023 09:04:23,ResampledType,837797,16.069408
02-01-2023 09:04:24,ResampledType,-703497,16.182213
02-01-2023 09:04:25,ResampledType,-1427258,16.215435
02-01-2023 09:04:26,ResampledType,-1548094,16.183615
02-01-2023 09:04:27,ResampledType,3049887,15.980848
02-01-2023 09:04:28,ResampledType,-385691,16.014458
02-01-2023 09:04:29,ResampledType,1050929,15.990624
02-01-2023 09:04:30,ResampledType,263759,16.01413
02-01-2023 09:04:31,ResampledType,-2925313,16.039158
02-01-2023 09:04:32,ResampledType,1082679,15.970562
02-01-2023 09:04:33,ResampledType,-354858,15.936811
02-01-2023 09:04:34,ResampledType,-223722,15.92114
02-01-2023 09:04:35,ResampledType,384000,15.941969
02-01-2023 09:04:36,ResampledType,-847178,15.967034
02-01-2023 09:04:37,ResampledType,1597299,15.903465
02-01-2023 09:04:38,ResampledType,1025879,15.8602705
02-01-2023 09:04:39,ResampledType,1218579,16.010538
02-01-2023 09:04:40,ResampledType,260013,15.849592
02-01-2023 09:04:41,ResampledType,-132548,15.927861
02-01-2023 09:04:42,ResampledType,-684070,15.97191
02-01-2023 09:04:43,ResampledType,397901,15.908192
02-01-2023 09:04:44,ResampledType,216454,15.894057
02-01-2023 09:04:45,ResampledType,-1537335,16.050627
02-01-2023 09:04:46,ResampledType,1110257,16.092604
02-01-2023 09:04:47,ResampledType,-90767,16.085966
02-01-2023 09:04:48,ResampledType,318686,16.053003
02-01-2023 09:04:49,ResampledType,413330,16.101187
02-01-2023 09:04:50,ResampledType,-1342569,16.18476
02-01-2023 09:04:51,ResampledType,104437,16.186768
02-01-2023 09:04:52,ResampledType,566722,16.188208
02-01-2023 09:04:53,ResampledType,272100,16.309954
02-01-2023 09:04:54,ResampledType,-36515,16.43729
02-01-2023 09:04:55,ResampledType,-265165,16.424015
02-01-2023 09:04:56,ResampledType,-814519,16.39002
02-01-2023 09:04:57,ResampledType,-8510185,16.210392
02-01-2023 09:04:58,ResampledType,8397158,16.219604
02-01-2023 09:04:59,ResampledType,593454,16.20938
02-01-2023 09:05:00,ResampledType,656794,16.212875
02-01-2023 09:05:01,ResampledType,351823,16.276201
02-01-2023 09:05:02,ResampledType,1747,16.320084
02-01-2023 09:05:03,ResampledType,2394,16.345318
02-01-2023 09:05:04,ResampledType,2750,16.30329
02-01-2023 09:05:05,ResampledType,15091,16.262892
02-01-2023 09:05:06,ResampledType,-121204,16.438429
02-01-2023 09:05:07,ResampledType,112263,16.390072
02-01-2023 09:05:08,ResampledType,-255047,16.515398
02-01-2023 09:05:09,ResampledType,-669789,16.627777
02-01-2023 09:05:10,ResampledType,-351268,16.51356
02-01-2023 09:05:11,ResampledType,634956,16.48687
02-01-2023 09:05:12,ResampledType,-9609050,16.406445
02-01-2023 09:05:13,ResampledType,6230739,16.220558
02-01-2023 09:05:14,ResampledType,3717701,16.246122
02-01-2023 09:05:15,ResampledType,247165,16.288406
02-01-2023 09:05:16,ResampledType,-222800,16.434458
02-01-2023 09:05:17,ResampledType,-190624,16.586653
02-01-2023 09:05:18,ResampledType,-732286,16.472416
02-01-2023 09:05:19,ResampledType,988422,16.324337
02-01-2023 09:05:20,ResampledType,14833,16.161362
02-01-2023 09:05:21,ResampledType,-239932,16.043638
02-01-2023 09:05:22,ResampledType,-748986,15.827345
02-01-2023 09:05:23,ResampledType,1011777,15.847737
02-01-2023 09:05:24,ResampledType,-13065,15.917431
02-01-2023 09:05:25,ResampledType,-117271,15.974785
02-01-2023 09:05:26,ResampledType,307051,15.944548
02-01-2023 09:05:27,ResampledType,-171648,15.986299
02-01-2023 09:05:28,ResampledType,-1126303,15.898973
02-01-2023 09:05:29,ResampledType,-86316,15.7936325
02-01-2023 09:05:30,ResampledType,1109903,15.76392
02-01-2023 09:05:31,ResampledType,176647,15.816489
02-01-2023 09:05:32,ResampledType,-331715,15.764188
02-01-2023 09:05:33,ResampledType,203527,15.691717
02-01-2023 09:05:34,ResampledType,-62736,15.678281
02-01-2023 09:05:35,ResampledType,187270,15.675758
02-01-2023 09:05:36,ResampledType,-64916,15.708252
02-01-2023 09:05:37,ResampledType,90881,15.656323
02-01-2023 09:05:38,ResampledType,28854,15.764573
02-01-2023 09:05:39,ResampledType,-1869549,15.774055
02-01-2023 09:05:40,ResampledType,-288265,15.758913
02-01-2023 09:05:41,ResampledType,-1521291,15.650204
02-01-2023 09:05:42,ResampledType,1791999,15.567916
02-01-2023 09:05:43,ResampledType,1482235,15.610295
02-01-2023 09:05:44,ResampledType,-2528004,15.625992
02-01-2023 09:05:45,ResampledType,2273180,15.613556
02-01-2023 09:05:46,ResampledType,181564,15.603231
02-01-2023 09:05:47,ResampledType,66000,15.55451
02-01-2023 09:05:48,ResampledType,363157,15.491186
02-01-2023 09:05:49,ResampledType,-353060,15.582098
02-01-2023 09:05:50,ResampledType,302006,15.579608
02-01-2023 09:05:51,ResampledType,55550,15.854451
02-01-2023 09:05:52,ResampledType,-147163,15.803697
02-01-2023 09:05:53,ResampledType,-15509,15.737862
02-01-2023 09:05:54,ResampledType,-2056126,15.717323
02-01-2023 09:05:55,ResampledType,-381262,15.708378
02-01-2023 09:05:56,ResampledType,2587098,15.4695015
02-01-2023 09:05:57,ResampledType,-154651,15.471979
02-01-2023 09:05:58,ResampledType,160022,15.395682
02-01-2023 09:05:59,ResampledType,-171510,15.405218
02-01-2023 09:06:00,ResampledType,270850,15.428517
02-01-2023 09:06:01,ResampledType,9820,15.441313
02-01-2023 09:06:02,ResampledType,373,15.44437
02-01-2023 09:06:03,ResampledType,-77376,15.483765
02-01-2023 09:06:04,ResampledType,-1101666,15.470907
02-01-2023 09:06:05,ResampledType,1151255,15.416942
02-01-2023 09:06:06,ResampledType,9841,15.425786
02-01-2023 09:06:07,ResampledType,-2089647,15.384666
02-01-2023 09:06:08,ResampledType,-1900902,15.372184
02-01-2023 09:06:09,ResampledType,3374257,15.3426895
02-01-2023 09:06:10,ResampledType,543536,15.275123
02-01-2023 09:06:11,ResampledType,75267,15.548815
02-01-2023 09:06:12,ResampledType,-1143877,15.692636
02-01-2023 09:06:13,ResampledType,311840,15.630374
02-01-2023 09:06:14,ResampledType,259864,15.631795
02-01-2023 09:06:15,ResampledType,-2939176,15.640753
02-01-2023 09:06:16,ResampledType,-2477068,15.611743
02-01-2023 09:06:17,ResampledType,5695582,15.599356
02-01-2023 09:06:18,ResampledType,-3917356,15.725718
02-01-2023 09:06:19,ResampledType,-1154821,15.564066
02-01-2023 09:06:20,ResampledType,2490526,15.583796
02-01-2023 09:06:21,ResampledType,1415626,15.506008
02-01-2023 09:06:22,ResampledType,787011,15.476736
02-01-2023 09:06:23,ResampledType,-576545,15.500132
02-01-2023 09:06:24,ResampledType,-36288,15.483417
02-01-2023 09:06:25,ResampledType,346601,15.4831705
02-01-2023 09:06:26,ResampledType,724029,15.5164385
02-01-2023 09:06:27,ResampledType,-43247,15.549123
02-01-2023 09:06:28,ResampledType,-282834,15.522265
02-01-2023 09:06:29,ResampledType,-3182140,15.443866
02-01-2023 09:06:30,ResampledType,3594506,15.266146
02-01-2023 09:06:31,ResampledType,-47458,15.285649
02-01-2023 09:06:32,ResampledType,34209,15.279664
02-01-2023 09:06:33,ResampledType,-668644,15.349881
02-01-2023 09:06:34,ResampledType,768831,15.397032
02-01-2023 09:06:35,ResampledType,2209,15.4242115
02-01-2023 09:06:36,ResampledType,50697,15.393985
02-01-2023 09:06:37,ResampledType,-2597273,15.421994
02-01-2023 09:06:38,ResampledType,-100668,15.431647
02-01-2023 09:06:39,ResampledType,-2301704,15.312237
02-01-2023 09:06:40,ResampledType,-226236,15.283196
02-01-2023 09:06:41,ResampledType,-100133,15.252074
02-01-2023 09:06:42,ResampledType,-269374,15.158964
02-01-2023 09:06:43,ResampledType,4874980,15.165652
02-01-2023 09:06:44,ResampledType,581136,15.171168
02-01-2023 09:06:45,ResampledType,116303,15.257384
02-01-2023 09:06:46,ResampledType,-92776,15.129677
02-01-2023 09:06:47,ResampledType,-727329,15.048215
02-01-2023 09:06:48,ResampledType,588665,15.019358
02-01-2023 09:06:49,ResampledType,-193984,15.02968
02-01-2023 09:06:50,ResampledType,395013,15.028294
02-01-2023 09:06:51,ResampledType,6492,15.024658
02-01-2023 09:06:52,ResampledType,-357842,15.067795
02-01-2023 09:06:53,ResampledType,-70772,14.909546
02-01-2023 09:06:54,ResampledType,-579688,14.868544
02-01-2023 09:06:55,ResampledType,237238,14.854477
02-01-2023 09:06:56,ResampledType,-1660808,14.842248
02-01-2023 09:06:57,ResampledType,-3191557,14.736448
02-01-2023 09:06:58,ResampledType,3759770,14.653325
02-01-2023 09:06:59,ResampledType,1522410,14.6777
02-01-2023 09:07:00,ResampledType,114110,14.69184
02-01-2023 09:07:01,ResampledType,-2133177,14.753751
02-01-2023 09:07:02,ResampledType,19183,14.755049
02-01-2023 09:07:03,ResampledType,333087,14.701678
02-01-2023 09:07:04,ResampledType,-772920,14.621643
02-01-2023 09:07:05,ResampledType,1609722,14.58281
02-01-2023 09:07:06,ResampledType,118232,14.58372
02-01-2023 09:07:07,ResampledType,-4760928,14.529767
02-01-2023 09:07:08,ResampledType,-352641,14.416828
02-01-2023 09:07:09,ResampledType,-1803234,14.38924
02-01-2023 09:07:10,ResampledType,868885,14.418861
02-01-2023 09:07:11,ResampledType,5104403,14.43711
02-01-2023 09:07:12,ResampledType,1686154,14.449595
02-01-2023 09:07:13,ResampledType,242828,14.310619
02-01-2023 09:07:14,ResampledType,61700,14.399245
02-01-2023 09:07:15,ResampledType,19571,14.392307
02-01-2023 09:07:16,ResampledType,19609,14.393566
02-01-2023 09:07:17,ResampledType,9435,14.419278
02-01-2023 09:07:18,ResampledType,5239,14.508848
02-01-2023 09:07:19,ResampledType,-383621,14.526954
02-01-2023 09:07:20,ResampledType,-87936,14.473385
02-01-2023 09:07:21,ResampledType,149655,14.527084
02-01-2023 09:07:22,ResampledType,310740,14.6453085
02-01-2023 09:07:23,ResampledType,11084,14.731526
02-01-2023 09:07:24,ResampledType,-1368033,14.779319
02-01-2023 09:07:25,ResampledType,885675,14.808402
02-01-2023 09:07:26,ResampledType,338632,14.9426565
02-01-2023 09:07:27,ResampledType,20522,15.047207
02-01-2023 09:07:28,ResampledType,-3476910,15.068718
02-01-2023 09:07:29,ResampledType,-321192,14.976429
02-01-2023 09:07:30,ResampledType,2458164,14.937349
02-01-2023 09:07:31,ResampledType,892730,14.940128
02-01-2023 09:07:32,ResampledType,94064,14.93528
02-01-2023 09:07:33,ResampledType,147294,14.935824
02-01-2023 09:07:34,ResampledType,-66942,14.943994
02-01-2023 09:07:35,ResampledType,-150523,14.8381605
02-01-2023 09:07:36,ResampledType,263343,14.854909
02-01-2023 09:07:37,ResampledType,-555860,14.768085
02-01-2023 09:07:38,ResampledType,316423,14.726888
02-01-2023 09:07:39,ResampledType,50368,14.713598
02-01-2023 09:07:40,ResampledType,10893,14.805941
02-01-2023 09:07:41,ResampledType,90755,14.835294
02-01-2023 09:07:42,ResampledType,288286,14.952955
02-01-2023 09:07:43,ResampledType,-112936,14.860895
02-01-2023 09:07:44,ResampledType,191681,15.123936
02-01-2023 09:07:45,ResampledType,-507602,15.249109
02-01-2023 09:07:46,ResampledType,391033,15.119053
02-01-2023 09:07:47,ResampledType,-427542,15.143461
02-01-2023 09:07:48,ResampledType,491900,15.041449
02-01-2023 09:07:49,ResampledType,-160478,15.192508
02-01-2023 09:07:50,ResampledType,-290661,15.160014
02-01-2023 09:07:51,ResampledType,-379294,15.129493
02-01-2023 09:07:52,ResampledType,-4513837,15.122097
02-01-2023 09:07:53,ResampledType,1662220,15.089523
02-01-2023 09:07:54,ResampledType,173171,15.216901
02-01-2023 09:07:55,ResampledType,-733845,15.156569
02-01-2023 09:07:56,ResampledType,1287665,15.081282
02-01-2023 09:07:57,ResampledType,2657089,15.127876
02-01-2023 09:07:58,ResampledType,149080,15.140067
02-01-2023 09:07:59,ResampledType,139291,15.179963
02-01-2023 09:08:00,ResampledType,-137370,15.297504
02-01-2023 09:08:01,ResampledType,85415,15.275821
02-01-2023 09:08:02,ResampledType,-3564166,15.424763
02-01-2023 09:08:03,ResampledType,3142631,15.307128
02-01-2023 09:08:04,ResampledType,490578,15.359625
02-01-2023 09:08:05,ResampledType,22602,15.364466
02-01-2023 09:08:06,ResampledType,-402449,15.453272
02-01-2023 09:08:07,ResampledType,398018,15.481042
02-01-2023 09:08:08,ResampledType,27637,15.558795
02-01-2023 09:08:09,ResampledType,-2146876,15.529571
02-01-2023 09:08:10,ResampledType,1231370,15.270336
02-01-2023 09:08:11,ResampledType,833413,15.269365
02-01-2023 09:08:12,ResampledType,-340454,15.334682
02-01-2023 09:08:13,ResampledType,-436574,15.364157
02-01-2023 09:08:14,ResampledType,-1461813,15.167679
02-01-2023 09:08:15,ResampledType,-266659,15.154685
02-01-2023 09:08:16,ResampledType,2547188,15.012985
02-01-2023 09:08:17,ResampledType,-1702219,14.935864
02-01-2023 09:08:18,ResampledType,-1785936,14.825081
02-01-2023 09:08:19,ResampledType,-173039,14.794393
02-01-2023 09:08:20,ResampledType,-25962,14.782522
02-01-2023 09:08:21,ResampledType,781843,14.773456
02-01-2023 09:08:22,ResampledType,-1678761,14.815324
02-01-2023 09:08:23,ResampledType,-15163,14.758693
02-01-2023 09:08:24,ResampledType,-179434,14.727048
02-01-2023 09:08:25,ResampledType,1136766,14.69001
02-01-2023 09:08:26,ResampledType,-61026,14.833883
02-01-2023 09:08:27,ResampledType,-965686,14.794203
02-01-2023 09:08:28,ResampledType,-1546359,14.743488
02-01-2023 09:08:29,ResampledType,-27993,14.576002
02-01-2023 09:08:30,ResampledType,1576303,14.50341
02-01-2023 09:08:31,ResampledType,2059813,14.508198
02-01-2023 09:08:32,ResampledType,616622,14.514332
02-01-2023 09:08:33,ResampledType,1965844,14.554287
02-01-2023 09:08:34,ResampledType,57880,14.608365
02-01-2023 09:08:35,ResampledType,6764,14.673587
02-01-2023 09:08:36,ResampledType,-1075,14.6475935
02-01-2023 09:08:37,ResampledType,-217256,14.382566
02-01-2023 09:08:38,ResampledType,74898,14.382151
02-01-2023 09:08:39,ResampledType,-1317765,14.547369
02-01-2023 09:08:40,ResampledType,1432748,14.466497
02-01-2023 09:08:41,ResampledType,-2190283,14.412899
02-01-2023 09:08:42,ResampledType,162188,14.320388
02-01-2023 09:08:43,ResampledType,-440507,14.327159
02-01-2023 09:08:44,ResampledType,-2332292,14.132637
02-01-2023 09:08:45,ResampledType,1052814,14.040322
02-01-2023 09:08:46,ResampledType,3608797,14.079562
02-01-2023 09:08:47,ResampledType,-1358071,14.045639
02-01-2023 09:08:48,ResampledType,-180162,13.94445
02-01-2023 09:08:49,ResampledType,-226200,13.925949
02-01-2023 09:08:50,ResampledType,-17048,13.926746
02-01-2023 09:08:51,ResampledType,-130279,13.79792
02-01-2023 09:08:52,ResampledType,929152,13.798902
02-01-2023 09:08:53,ResampledType,604741,13.76657
02-01-2023 09:08:54,ResampledType,536748,13.775647
02-01-2023 09:08:55,ResampledType,-818239,13.799599
02-01-2023 09:08:56,ResampledType,648386,13.783833
02-01-2023 09:08:57,ResampledType,-142883,13.857182
02-01-2023 09:08:58,ResampledType,274202,13.760573
02-01-2023 09:08:59,ResampledType,-1544653,13.823886
02-01-2023 09:09:00,ResampledType,-154742,13.705006
02-01-2023 09:09:01,ResampledType,456798,13.641613
02-01-2023 09:09:02,ResampledType,773661,13.730778
02-01-2023 09:09:03,ResampledType,-321275,13.724126
02-01-2023 09:09:04,ResampledType,94284,13.7156515
02-01-2023 09:09:05,ResampledType,-3892,13.728669
02-01-2023 09:09:06,ResampledType,-40939,13.694153
02-01-2023 09:09:07,ResampledType,685412,13.726282
02-01-2023 09:09:08,ResampledType,-755360,13.746467
02-01-2023 09:09:09,ResampledType,-903004,13.667686
02-01-2023 09:09:10,ResampledType,-178540,13.671854
02-01-2023 09:09:11,ResampledType,392952,13.679402
02-01-2023 09:09:12,ResampledType,1047902,13.686467
02-01-2023 09:09:13,ResampledType,-749022,13.762749
02-01-2023 09:09:14,ResampledType,-5145162,13.66751
02-01-2023 09:09:15,ResampledType,1136896,13.589548
02-01-2023 09:09:16,ResampledType,2262947,13.67255
02-01-2023 09:09:17,ResampledType,1227930,13.690118
02-01-2023 09:09:18,ResampledType,95050,13.736725
02-01-2023 09:09:19,ResampledType,-701681,13.717314
02-01-2023 09:09:20,ResampledType,1655531,13.632137
02-01-2023 09:09:21,ResampledType,-1923642,13.725953
02-01-2023 09:09:22,ResampledType,-215458,13.718665
02-01-2023 09:09:23,ResampledType,1083400,13.709398
02-01-2023 09:09:24,ResampledType,1411080,13.742305
02-01-2023 09:09:25,ResampledType,-1645002,13.744701
02-01-2023 09:09:26,ResampledType,333361,13.739842
02-01-2023 09:09:27,ResampledType,1599271,13.776164
02-01-2023 09:09:28,ResampledType,-434446,13.764786
02-01-2023 09:09:29,ResampledType,-1268910,13.758764
02-01-2023 09:09:30,ResampledType,-260974,13.725307
02-01-2023 09:09:31,ResampledType,-16803,13.675722
02-01-2023 09:09:32,ResampledType,422792,13.6759615
02-01-2023 09:09:33,ResampledType,-1158735,13.634468
02-01-2023 09:09:34,ResampledType,121693,13.605975
02-01-2023 09:09:35,ResampledType,459248,13.645163
02-01-2023 09:09:36,ResampledType,-605948,13.644358
02-01-2023 09:09:37,ResampledType,372792,13.640638
02-01-2023 09:09:38,ResampledType,-2591656,13.612935
02-01-2023 09:09:39,ResampledType,1312481,13.306433
02-01-2023 09:09:40,ResampledType,1099099,13.298763
02-01-2023 09:09:41,ResampledType,-451209,13.340011
02-01-2023 09:09:42,ResampledType,-488494,13.401356
02-01-2023 09:09:43,ResampledType,118127,13.295967
02-01-2023 09:09:44,ResampledType,980687,13.179491
02-01-2023 09:09:45,ResampledType,-178348,13.15716
02-01-2023 09:09:46,ResampledType,-803882,13.062253
02-01-2023 09:09:47,ResampledType,407495,13.054153
02-01-2023 09:09:48,ResampledType,2192396,12.95582
02-01-2023 09:09:49,ResampledType,376294,12.767006
02-01-2023 09:09:50,ResampledType,-669268,12.653905
02-01-2023 09:09:51,ResampledType,-43674,12.600709
02-01-2023 09:09:52,ResampledType,-17829,12.599442
02-01-2023 09:09:53,ResampledType,-110720,12.572814
02-01-2023 09:09:54,ResampledType,1153331,12.585989
02-01-2023 09:09:55,ResampledType,86372,12.71537
02-01-2023 09:09:56,ResampledType,59515,12.778276
02-01-2023 09:09:57,ResampledType,-10067,12.871914
02-01-2023 09:09:58,ResampledType,-2827836,13.069059
02-01-2023 09:09:59,ResampledType,1944572,13.191043
02-01-2023 09:10:00,ResampledType,843025,13.312874
02-01-2023 09:10:01,ResampledType,63484,13.284308
02-01-2023 09:10:02,ResampledType,-18321,13.206091
02-01-2023 09:10:03,ResampledType,-52914,13.095532
02-01-2023 09:10:04,ResampledType,-135642,13.123233
02-01-2023 09:10:05,ResampledType,-1336799,13.144735
02-01-2023 09:10:06,ResampledType,881310,13.105047
02-01-2023 09:10:07,ResampledType,609515,13.150942
02-01-2023 09:10:08,ResampledType,-1332,13.189097
02-01-2023 09:10:09,ResampledType,-2073120,13.175053
02-01-2023 09:10:10,ResampledType,541999,12.998713
02-01-2023 09:10:11,ResampledType,1539629,12.896007
02-01-2023 09:10:12,ResampledType,20117,12.8825
02-01-2023 09:10:13,ResampledType,3301,12.980953
02-01-2023 09:10:14,ResampledType,5147,13.012461
02-01-2023 09:10:15,ResampledType,-3306718,13.020045
02-01-2023 09:10:16,ResampledType,2521699,13.023654
02-01-2023 09:10:17,ResampledType,500514,13.054392
02-01-2023 09:10:18,ResampledType,286754,13.130795
02-01-2023 09:10:19,ResampledType,-486001,13.15906
02-01-2023 09:10:20,ResampledType,-63183,13.172587
02-01-2023 09:10:21,ResampledType,-2879966,13.180294
02-01-2023 09:10:22,ResampledType,988418,13.146539
02-01-2023 09:10:23,ResampledType,-343041,13.197906
02-01-2023 09:10:24,ResampledType,2394976,13.186021
02-01-2023 09:10:25,ResampledType,395849,13.076916
02-01-2023 09:10:26,ResampledType,-272699,13.049579
02-01-2023 09:10:27,ResampledType,24213,12.930882
02-01-2023 09:10:28,ResampledType,-140534,13.060328
02-01-2023 09:10:29,ResampledType,315489,13.023819
02-01-2023 09:10:30,ResampledType,47721,13.047427
02-01-2023 09:10:31,ResampledType,10092,13.095745
02-01-2023 09:10:32,ResampledType,-398943,13.093632
02-01-2023 09:10:33,ResampledType,-518490,13.12293
02-01-2023 09:10:34,ResampledType,-2526103,13.03182
02-01-2023 09:10:35,ResampledType,2809806,12.994496
02-01-2023 09:10:36,ResampledType,-21704,12.996913
02-01-2023 09:10:37,ResampledType,250689,12.987757
02-01-2023 09:10:38,ResampledType,145058,12.9822235
02-01-2023 09:10:39,ResampledType,221250,12.8689995
02-01-2023 09:10:40,ResampledType,14497,12.871755
02-01-2023 09:10:41,ResampledType,21093,12.892008
02-01-2023 09:10:42,ResampledType,30026,12.958706
02-01-2023 09:10:43,ResampledType,-360518,13.006071
02-01-2023 09:10:44,ResampledType,87331,12.990412
02-01-2023 09:10:45,ResampledType,269342,13.002831
02-01-2023 09:10:46,ResampledType,-373133,13.08301
02-01-2023 09:10:47,ResampledType,-1007928,13.071339
02-01-2023 09:10:48,ResampledType,416539,13.059685
02-01-2023 09:10:49,ResampledType,259816,13.072993
02-01-2023 09:10:50,ResampledType,-2226616,13.043785
02-01-2023 09:10:51,ResampledType,2031839,12.997234
02-01-2023 09:10:52,ResampledType,149694,12.933677
02-01-2023 09:10:53,ResampledType,160381,12.9563055
02-01-2023 09:10:54,ResampledType,181844,12.955942
02-01-2023 09:10:55,ResampledType,110748,12.976318
02-01-2023 09:10:56,ResampledType,-122925,12.872742
02-01-2023 09:10:57,ResampledType,-1600390,12.892735
02-01-2023 09:10:58,ResampledType,-197246,12.811408
02-01-2023 09:10:59,ResampledType,786595,12.837329
02-01-2023 09:11:00,ResampledType,356668,12.890839
02-01-2023 09:11:01,ResampledType,881618,12.874491
02-01-2023 09:11:02,ResampledType,-3604255,12.887734
02-01-2023 09:11:03,ResampledType,795123,12.837362
02-01-2023 09:11:04,ResampledType,-261351,12.898861
02-01-2023 09:11:05,ResampledType,-2326421,13.103183
02-01-2023 09:11:06,ResampledType,3139316,13.019526
02-01-2023 09:11:07,ResampledType,2431380,13.017014
02-01-2023 09:11:08,ResampledType,-392191,13.118059
02-01-2023 09:11:09,ResampledType,-1208874,13.086428
02-01-2023 09:11:10,ResampledType,1418083,13.079047
02-01-2023 09:11:11,ResampledType,-145293,13.152804
02-01-2023 09:11:12,ResampledType,98507,13.248919
02-01-2023 09:11:13,ResampledType,-9053,13.324499
02-01-2023 09:11:14,ResampledType,-278389,13.262267
02-01-2023 09:11:15,ResampledType,199717,13.708943
02-01-2023 09:11:16,ResampledType,-11074,13.832775
02-01-2023 09:11:17,ResampledType,50206,13.823958
02-01-2023 09:11:18,ResampledType,-1282669,13.840519
02-01-2023 09:11:19,ResampledType,817196,13.70015
02-01-2023 09:11:20,ResampledType,-2575105,13.685768
02-01-2023 09:11:21,ResampledType,-548244,13.664422
02-01-2023 09:11:22,ResampledType,2080935,13.552797
02-01-2023 09:11:23,ResampledType,1160030,13.5377245
02-01-2023 09:11:24,ResampledType,469356,13.543057
02-01-2023 09:11:25,ResampledType,-738661,13.59955
02-01-2023 09:11:26,ResampledType,439263,13.637861
02-01-2023 09:11:27,ResampledType,-1078000,13.691541
02-01-2023 09:11:28,ResampledType,1327308,13.681711
02-01-2023 09:11:29,ResampledType,100265,13.682516
02-01-2023 09:11:30,ResampledType,-1126513,13.773334
02-01-2023 09:11:31,ResampledType,1214851,13.7601
02-01-2023 09:11:32,ResampledType,-15280,13.774867
02-01-2023 09:11:33,ResampledType,-624978,13.848042
02-01-2023 09:11:34,ResampledType,551321,13.866724
02-01-2023 09:11:35,ResampledType,-570729,13.994812
02-01-2023 09:11:36,ResampledType,-12181,13.963482
02-01-2023 09:11:37,ResampledType,420388,13.948947
02-01-2023 09:11:38,ResampledType,-276243,13.981095
02-01-2023 09:11:39,ResampledType,-1214664,13.870398
02-01-2023 09:11:40,ResampledType,545800,13.562592
02-01-2023 09:11:41,ResampledType,-12510,13.64251
02-01-2023 09:11:42,ResampledType,-155840,13.63254
02-01-2023 09:11:43,ResampledType,805233,13.593922
02-01-2023 09:11:44,ResampledType,-572641,13.584149
02-01-2023 09:11:45,ResampledType,-402297,13.566908
02-01-2023 09:11:46,ResampledType,1211166,13.576833
02-01-2023 09:11:47,ResampledType,349717,13.235977
02-01-2023 09:11:48,ResampledType,3477,13.305184
02-01-2023 09:11:49,ResampledType,-36238,13.147367
02-01-2023 09:11:50,ResampledType,-92578,13.129496
02-01-2023 09:11:51,ResampledType,24412,13.11903
02-01-2023 09:11:52,ResampledType,86521,13.281117
02-01-2023 09:11:53,ResampledType,-17907,13.32835
02-01-2023 09:11:54,ResampledType,-166696,13.494074
02-01-2023 09:11:55,ResampledType,2744,13.478961
02-01-2023 09:11:56,ResampledType,-611044,13.401432
02-01-2023 09:11:57,ResampledType,-1104131,13.453405
02-01-2023 09:11:58,ResampledType,-35712,13.451733
02-01-2023 09:11:59,ResampledType,1864349,13.230694
02-01-2023 09:12:00,ResampledType,66936,13.246431
02-01-2023 09:12:01,ResampledType,-33183,13.541215
02-01-2023 09:12:02,ResampledType,1329,13.631419
02-01-2023 09:12:03,ResampledType,-21324,13.641312
02-01-2023 09:12:04,ResampledType,-8876,13.583229
02-01-2023 09:12:05,ResampledType,-387699,13.646792
02-01-2023 09:12:06,ResampledType,-3050298,13.706388
02-01-2023 09:12:07,ResampledType,3285800,13.6780205
02-01-2023 09:12:08,ResampledType,-133128,13.823164
02-01-2023 09:12:09,ResampledType,-74038,13.821249
02-01-2023 09:12:10,ResampledType,-234367,13.7588215
02-01-2023 09:12:11,ResampledType,651035,13.7463
02-01-2023 09:12:12,ResampledType,-184294,13.965016
02-01-2023 09:12:13,ResampledType,-181519,14.051857
02-01-2023 09:12:14,ResampledType,-55502,14.050517
02-01-2023 09:12:15,ResampledType,-274693,14.1295
02-01-2023 09:12:16,ResampledType,46265,14.068053
02-01-2023 09:12:17,ResampledType,649633,13.972582
02-01-2023 09:12:18,ResampledType,35468,13.900178
02-01-2023 09:12:19,ResampledType,136,13.950549
02-01-2023 09:12:20,ResampledType,-205420,13.963825
02-01-2023 09:12:21,ResampledType,-585656,13.954142
02-01-2023 09:12:22,ResampledType,-945804,13.822265
02-01-2023 09:12:23,ResampledType,1681678,13.869549
02-01-2023 09:12:24,ResampledType,51699,13.917421
02-01-2023 09:12:25,ResampledType,-615577,13.964982
02-01-2023 09:12:26,ResampledType,-590102,13.881647
02-01-2023 09:12:27,ResampledType,756063,13.85857
02-01-2023 09:12:28,ResampledType,-1059149,13.865339
02-01-2023 09:12:29,ResampledType,-2736660,13.83457
02-01-2023 09:12:30,ResampledType,3403284,13.804682
02-01-2023 09:12:31,ResampledType,-21422,13.886142
02-01-2023 09:12:32,ResampledType,653437,13.878498
02-01-2023 09:12:33,ResampledType,-1378437,13.834175
02-01-2023 09:12:34,ResampledType,-11330,13.716805
02-01-2023 09:12:35,ResampledType,1186515,13.657739
02-01-2023 09:12:36,ResampledType,183850,13.615183
02-01-2023 09:12:37,ResampledType,70763,13.622036
02-01-2023 09:12:38,ResampledType,-5837539,13.622174
02-01-2023 09:12:39,ResampledType,2717403,13.612498
02-01-2023 09:12:40,ResampledType,-870196,13.675223
02-01-2023 09:12:41,ResampledType,894779,13.575612
02-01-2023 09:12:42,ResampledType,2360168,13.490771
02-01-2023 09:12:43,ResampledType,103965,13.438843
02-01-2023 09:12:44,ResampledType,785044,13.385136
02-01-2023 09:12:45,ResampledType,-259887,13.38705
02-01-2023 09:12:46,ResampledType,106952,13.385208
02-01-2023 09:12:47,ResampledType,-383131,13.424421
02-01-2023 09:12:48,ResampledType,-1667023,13.39119
02-01-2023 09:12:49,ResampledType,-162409,13.387949
02-01-2023 09:12:50,ResampledType,-1347374,13.338162
02-01-2023 09:12:51,ResampledType,-350057,13.30126
02-01-2023 09:12:52,ResampledType,-786345,13.295401
02-01-2023 09:12:53,ResampledType,3575002,13.258011
02-01-2023 09:12:54,ResampledType,-229930,13.263617
02-01-2023 09:12:55,ResampledType,1226617,13.287723
02-01-2023 09:12:56,ResampledType,264610,13.257978
02-01-2023 09:12:57,ResampledType,-297361,13.285526
02-01-2023 09:12:58,ResampledType,272671,13.26289
02-01-2023 09:12:59,ResampledType,-850734,13.302362
02-01-2023 09:13:00,ResampledType,-437505,13.2072315
02-01-2023 09:13:01,ResampledType,-1209836,13.127757
02-01-2023 09:13:02,ResampledType,1271109,13.099547
02-01-2023 09:13:03,ResampledType,-14929,13.230084
02-01-2023 09:13:04,ResampledType,617901,13.20356
02-01-2023 09:13:05,ResampledType,259629,13.328349
02-01-2023 09:13:06,ResampledType,241672,13.38683
02-01-2023 09:13:07,ResampledType,-972295,13.485159
02-01-2023 09:13:08,ResampledType,890049,13.43588
02-01-2023 09:13:09,ResampledType,165282,13.372295
02-01-2023 09:13:10,ResampledType,-253150,13.41576
02-01-2023 09:13:11,ResampledType,-122450,13.426985
02-01-2023 09:13:12,ResampledType,291588,13.38862
02-01-2023 09:13:13,ResampledType,152824,13.441122
02-01-2023 09:13:14,ResampledType,-15941,13.635044
02-01-2023 09:13:15,ResampledType,20861,13.672096
02-01-2023 09:13:16,ResampledType,-142855,13.784361
02-01-2023 09:13:17,ResampledType,114224,13.911397
02-01-2023 09:13:18,ResampledType,-322377,14.123231
02-01-2023 09:13:19,ResampledType,-39634,14.152849
02-01-2023 09:13:20,ResampledType,-2936,14.095949
02-01-2023 09:13:21,ResampledType,-343192,14.140052
02-01-2023 09:13:22,ResampledType,697034,14.018369
02-01-2023 09:13:23,ResampledType,-465260,13.996681
02-01-2023 09:13:24,ResampledType,-741389,13.97471
02-01-2023 09:13:25,ResampledType,-1463167,13.901659
02-01-2023 09:13:26,ResampledType,2507257,13.889387
02-01-2023 09:13:27,ResampledType,145779,14.067191
02-01-2023 09:13:28,ResampledType,21077,14.178152
02-01-2023 09:13:29,ResampledType,-201355,14.315448
02-01-2023 09:13:30,ResampledType,-1178498,14.333601
02-01-2023 09:13:31,ResampledType,1130324,14.419918
02-01-2023 09:13:32,ResampledType,-28895,14.554573
02-01-2023 09:13:33,ResampledType,-303194,14.447863
02-01-2023 09:13:34,ResampledType,-100580,14.384893
02-01-2023 09:13:35,ResampledType,58003,14.276437
02-01-2023 09:13:36,ResampledType,73102,14.314732
02-01-2023 09:13:37,ResampledType,326805,14.2685585
02-01-2023 09:13:38,ResampledType,256599,14.279906
02-01-2023 09:13:39,ResampledType,-78812,14.3125725
02-01-2023 09:13:40,ResampledType,-273478,14.289579
02-01-2023 09:13:41,ResampledType,51886,14.164761
02-01-2023 09:13:42,ResampledType,-561517,14.173553
02-01-2023 09:13:43,ResampledType,767398,14.158007
02-01-2023 09:13:44,ResampledType,-953300,14.167969
02-01-2023 09:13:45,ResampledType,512927,14.102151
02-01-2023 09:13:46,ResampledType,-487473,14.191389
02-01-2023 09:13:47,ResampledType,976835,14.196466
02-01-2023 09:13:48,ResampledType,46158,14.259735
02-01-2023 09:13:49,ResampledType,14709,14.33041
02-01-2023 09:13:50,ResampledType,17,14.363558
02-01-2023 09:13:51,ResampledType,-328421,14.265505
02-01-2023 09:13:52,ResampledType,-36955,14.125342
02-01-2023 09:13:53,ResampledType,199026,14.121098
02-01-2023 09:13:54,ResampledType,-220998,14.119005
02-01-2023 09:13:55,ResampledType,245074,14.07196
02-01-2023 09:13:56,ResampledType,123553,14.072129
02-01-2023 09:13:57,ResampledType,-517432,14.168308
02-01-2023 09:13:58,ResampledType,-518022,14.166245
02-01-2023 09:13:59,ResampledType,461319,14.160683
02-01-2023 09:14:00,ResampledType,-109475,14.124209
02-01-2023 09:14:01,ResampledType,549501,14.024347
02-01-2023 09:14:02,ResampledType,31363,13.971596
02-01-2023 09:14:03,ResampledType,-47224,13.907415
02-01-2023 09:14:04,ResampledType,-60633,13.877762
02-01-2023 09:14:05,ResampledType,-1847283,13.8664255
02-01-2023 09:14:06,ResampledType,452855,13.898863
02-01-2023 09:14:07,ResampledType,-219,13.921029
02-01-2023 09:14:08,ResampledType,1488803,13.963776
02-01-2023 09:14:09,ResampledType,-11033,13.871964
02-01-2023 09:14:10,ResampledType,134725,13.905258
02-01-2023 09:14:11,ResampledType,2628,14.001636
02-01-2023 09:14:12,ResampledType,-436942,13.990744
02-01-2023 09:14:13,ResampledType,-1211400,13.954928
02-01-2023 09:14:14,ResampledType,403450,13.9285
02-01-2023 09:14:15,ResampledType,407272,13.90022
02-01-2023 09:14:16,ResampledType,737159,13.898103
02-01-2023 09:14:17,ResampledType,-828347,13.923882
02-01-2023 09:14:18,ResampledType,-1687322,13.857141
02-01-2023 09:14:19,ResampledType,1467765,13.941556
02-01-2023 09:14:20,ResampledType,1114019,13.979843
02-01-2023 09:14:21,ResampledType,-876082,14.060552
02-01-2023 09:14:22,ResampledType,-2046822,13.871582
02-01-2023 09:14:23,ResampledType,-757141,13.786736
02-01-2023 09:14:24,ResampledType,819865,13.845301
02-01-2023 09:14:25,ResampledType,1514434,13.849236
02-01-2023 09:14:26,ResampledType,739724,13.746974
02-01-2023 09:14:27,ResampledType,-235312,13.740516
02-01-2023 09:14:28,ResampledType,327293,13.815653
02-01-2023 09:14:29,ResampledType,-799683,14.0200615
02-01-2023 09:14:30,ResampledType,522100,13.787495
02-01-2023 09:14:31,ResampledType,-10361,13.836009
02-01-2023 09:14:32,ResampledType,515943,13.917436
02-01-2023 09:14:33,ResampledType,-351840,13.921566
02-01-2023 09:14:34,ResampledType,-526531,13.861074
02-01-2023 09:14:35,ResampledType,-606378,13.787157
02-01-2023 09:14:36,ResampledType,-4066,13.676901
02-01-2023 09:14:37,ResampledType,1687550,13.666214
02-01-2023 09:14:38,ResampledType,88336,13.681875
02-01-2023 09:14:39,ResampledType,-1845144,13.692927
02-01-2023 09:14:40,ResampledType,-677345,13.539764
02-01-2023 09:14:41,ResampledType,1946277,13.551044
02-01-2023 09:14:42,ResampledType,-110804,13.684022
02-01-2023 09:14:43,ResampledType,-2277455,13.678551
02-01-2023 09:14:44,ResampledType,2076930,13.681791
02-01-2023 09:14:45,ResampledType,-507663,13.79238
02-01-2023 09:14:46,ResampledType,-1404478,13.708545
02-01-2023 09:14:47,ResampledType,-628028,13.592668
02-01-2023 09:14:48,ResampledType,-516084,13.668936
02-01-2023 09:14:49,ResampledType,-955370,13.520725
02-01-2023 09:14:50,ResampledType,4266181,13.418205
02-01-2023 09:14:51,ResampledType,122333,13.527378
02-01-2023 09:14:52,ResampledType,-2350091,13.430527
02-01-2023 09:14:53,ResampledType,251944,13.398803
02-01-2023 09:14:54,ResampledType,132888,13.394582
02-01-2023 09:14:55,ResampledType,2483989,13.419441
02-01-2023 09:14:56,ResampledType,-1130355,13.358066
02-01-2023 09:14:57,ResampledType,-1261883,13.104976
02-01-2023 09:14:58,ResampledType,-181681,12.946238
02-01-2023 09:14:59,ResampledType,-183011,12.93227
02-01-2023 09:15:00,ResampledType,2744538,12.818779
02-01-2023 09:15:01,ResampledType,-220337,12.829285
02-01-2023 09:15:02,ResampledType,174531,12.754592
02-01-2023 09:15:03,ResampledType,-3178562,12.801323
02-01-2023 09:15:04,ResampledType,3256145,12.812655
02-01-2023 09:15:05,ResampledType,-613623,12.848006
02-01-2023 09:15:06,ResampledType,154386,12.719628
02-01-2023 09:15:07,ResampledType,436420,12.747915
02-01-2023 09:15:08,ResampledType,26056,12.789991
02-01-2023 09:15:09,ResampledType,11141,12.944285
02-01-2023 09:15:10,ResampledType,-283563,13.072395
02-01-2023 09:15:11,ResampledType,143101,13.224213
02-01-2023 09:15:12,ResampledType,34681,13.100358
02-01-2023 09:15:13,ResampledType,95326,13.10967
02-01-2023 09:15:14,ResampledType,-22377,13.16283
02-01-2023 09:15:15,ResampledType,-917802,12.981418
02-01-2023 09:15:16,ResampledType,159581,12.928525
02-01-2023 09:15:17,ResampledType,-360488,12.905939
02-01-2023 09:15:18,ResampledType,833981,12.800344
02-01-2023 09:15:19,ResampledType,98596,12.839634
02-01-2023 09:15:20,ResampledType,-340003,12.864513
02-01-2023 09:15:21,ResampledType,-3707,12.769014
02-01-2023 09:15:22,ResampledType,62994,12.528323
02-01-2023 09:15:23,ResampledType,-97806,12.452969
02-01-2023 09:15:24,ResampledType,-817,12.500831
02-01-2023 09:15:25,ResampledType,250485,12.494641
02-01-2023 09:15:26,ResampledType,-9495,12.497748
02-01-2023 09:15:27,ResampledType,-703007,12.44221
02-01-2023 09:15:28,ResampledType,577652,12.384762
02-01-2023 09:15:29,ResampledType,-1373320,12.274612
02-01-2023 09:15:30,ResampledType,-1296004,12.017726
02-01-2023 09:15:31,ResampledType,3054075,11.983571
02-01-2023 09:15:32,ResampledType,-184611,12.04202
02-01-2023 09:15:33,ResampledType,118344,11.995322
02-01-2023 09:15:34,ResampledType,36294,12.048811
02-01-2023 09:15:35,ResampledType,106900,11.993951
02-01-2023 09:15:36,ResampledType,-300786,11.99016
02-01-2023 09:15:37,ResampledType,-978674,11.897729
02-01-2023 09:15:38,ResampledType,1042971,11.853688
02-01-2023 09:15:39,ResampledType,118596,11.883577
02-01-2023 09:15:40,ResampledType,-212282,11.818123
02-01-2023 09:15:41,ResampledType,337843,11.716049
02-01-2023 09:15:42,ResampledType,9575,11.72141
02-01-2023 09:15:43,ResampledType,247,11.762778
02-01-2023 09:15:44,ResampledType,3779,11.804585
02-01-2023 09:15:45,ResampledType,-34662,11.863007
02-01-2023 09:15:46,ResampledType,-180626,11.73986
02-01-2023 09:15:47,ResampledType,-318018,11.78248
02-01-2023 09:15:48,ResampledType,337704,11.821668
02-01-2023 09:15:49,ResampledType,-162500,11.845917
02-01-2023 09:15:50,ResampledType,-140144,11.886414
02-01-2023 09:15:51,ResampledType,115972,11.890905
02-01-2023 09:15:52,ResampledType,46733,11.925676
02-01-2023 09:15:53,ResampledType,-300857,11.886672
02-01-2023 09:15:54,ResampledType,480000,11.82073
02-01-2023 09:15:55,ResampledType,-237707,11.843831
02-01-2023 09:15:56,ResampledType,-1312479,11.837105
02-01-2023 09:15:57,ResampledType,1158260,11.831611
02-01-2023 09:15:58,ResampledType,95458,11.825018
02-01-2023 09:15:59,ResampledType,392163,11.890926
02-01-2023 09:16:00,ResampledType,-22834,11.913408
02-01-2023 09:16:01,ResampledType,-181936,11.910391
02-01-2023 09:16:02,ResampledType,248853,11.859386
02-01-2023 09:16:03,ResampledType,-29431,11.98191
02-01-2023 09:16:04,ResampledType,-1225697,11.896706
02-01-2023 09:16:05,ResampledType,849698,11.873713
02-01-2023 09:16:06,ResampledType,300585,11.93681
02-01-2023 09:16:07,ResampledType,118956,11.940969
02-01-2023 09:16:08,ResampledType,-119939,11.909614
02-01-2023 09:16:09,ResampledType,82650,12.034202
02-01-2023 09:16:10,ResampledType,-11076,11.976448
02-01-2023 09:16:11,ResampledType,22846,12.0074835
02-01-2023 09:16:12,ResampledType,9971,12.130156
02-01-2023 09:16:13,ResampledType,-589789,12.225889
02-01-2023 09:16:14,ResampledType,-327169,12.13074
02-01-2023 09:16:15,ResampledType,143387,12.215736
02-01-2023 09:16:16,ResampledType,-36699,12.303425
02-01-2023 09:16:17,ResampledType,-163593,12.227893
02-01-2023 09:16:18,ResampledType,-764991,12.115018
02-01-2023 09:16:19,ResampledType,111786,12.071281
02-01-2023 09:16:20,ResampledType,266015,12.085036
02-01-2023 09:16:21,ResampledType,40076,11.982266
02-01-2023 09:16:22,ResampledType,940164,11.962054
02-01-2023 09:16:23,ResampledType,292368,11.931449
02-01-2023 09:16:24,ResampledType,-243491,11.864902
02-01-2023 09:16:25,ResampledType,-331899,11.91449
02-01-2023 09:16:26,ResampledType,-526626,11.837067
02-01-2023 09:16:27,ResampledType,-163105,11.770075
02-01-2023 09:16:28,ResampledType,56461,11.693954
02-01-2023 09:16:29,ResampledType,480438,11.7252865
02-01-2023 09:16:30,ResampledType,-1198284,11.839357
02-01-2023 09:16:31,ResampledType,640695,11.796588
02-01-2023 09:16:32,ResampledType,1139318,11.815045
02-01-2023 09:16:33,ResampledType,212407,11.818806
02-01-2023 09:16:34,ResampledType,-592130,11.912212
02-01-2023 09:16:35,ResampledType,-396674,11.787417
02-01-2023 09:16:36,ResampledType,563283,11.646816
02-01-2023 09:16:37,ResampledType,464739,11.657124
02-01-2023 09:16:38,ResampledType,259,11.708798
02-01-2023 09:16:39,ResampledType,-833292,11.626486
02-01-2023 09:16:40,ResampledType,-371587,11.591751
02-01-2023 09:16:41,ResampledType,716828,11.563986
02-01-2023 09:16:42,ResampledType,96840,11.549604
02-01-2023 09:16:43,ResampledType,109829,11.577871
02-01-2023 09:16:44,ResampledType,-858344,11.635339
02-01-2023 09:16:45,ResampledType,1096419,11.707917
02-01-2023 09:16:46,ResampledType,-62469,11.745762
02-01-2023 09:16:47,ResampledType,-152817,11.7435465
02-01-2023 09:16:48,ResampledType,-2191308,11.745872
02-01-2023 09:16:49,ResampledType,2330201,11.7721
02-01-2023 09:16:50,ResampledType,67701,11.838534
02-01-2023 09:16:51,ResampledType,26613,11.905594
02-01-2023 09:16:52,ResampledType,-179930,11.900593
02-01-2023 09:16:53,ResampledType,-2835746,11.981049
02-01-2023 09:16:54,ResampledType,1121120,11.835735
02-01-2023 09:16:55,ResampledType,280859,11.890318
02-01-2023 09:16:56,ResampledType,1602286,11.862814
02-01-2023 09:16:57,ResampledType,13679,11.854524
02-01-2023 09:16:58,ResampledType,3496,11.909684
02-01-2023 09:16:59,ResampledType,-627159,12.01937
02-01-2023 09:17:00,ResampledType,24546,12.032012
02-01-2023 09:17:01,ResampledType,-9256,12.11871
02-01-2023 09:17:02,ResampledType,79167,12.091399
02-01-2023 09:17:03,ResampledType,-47635,12.100716
02-01-2023 09:17:04,ResampledType,-858969,12.061596
02-01-2023 09:17:05,ResampledType,-97241,12.002446
02-01-2023 09:17:06,ResampledType,1231098,11.8827305
02-01-2023 09:17:07,ResampledType,24775,11.914021
02-01-2023 09:17:08,ResampledType,101071,11.94946
02-01-2023 09:17:09,ResampledType,-2067709,11.968341
02-01-2023 09:17:10,ResampledType,1946966,11.94888
02-01-2023 09:17:11,ResampledType,-169515,12.002175
02-01-2023 09:17:12,ResampledType,-2986971,11.962865
02-01-2023 09:17:13,ResampledType,1108823,11.930989
02-01-2023 09:17:14,ResampledType,1776962,11.944826
02-01-2023 09:17:15,ResampledType,581310,11.950564
02-01-2023 09:17:16,ResampledType,-27597,12.007118
02-01-2023 09:17:17,ResampledType,-343762,11.993476
02-01-2023 09:17:18,ResampledType,157636,11.988145
02-01-2023 09:17:19,ResampledType,208669,12.01968
02-01-2023 09:17:20,ResampledType,-956,12.114223
02-01-2023 09:17:21,ResampledType,-3702663,11.997968
02-01-2023 09:17:22,ResampledType,2405491,11.936432
02-01-2023 09:17:23,ResampledType,381419,11.9784775
02-01-2023 09:17:24,ResampledType,610832,12.011893
02-01-2023 09:17:25,ResampledType,99117,11.95913
02-01-2023 09:17:26,ResampledType,-783751,11.992332
02-01-2023 09:17:27,ResampledType,830943,11.98084
02-01-2023 09:17:28,ResampledType,-1573713,12.017202
02-01-2023 09:17:29,ResampledType,1512285,11.881593
02-01-2023 09:17:30,ResampledType,-1095130,11.894179
02-01-2023 09:17:31,ResampledType,1305344,11.94751
02-01-2023 09:17:32,ResampledType,-1848245,11.953167
02-01-2023 09:17:33,ResampledType,1849264,11.994716
02-01-2023 09:17:34,ResampledType,4223,12.069749
02-01-2023 09:17:35,ResampledType,-10219,12.104563
02-01-2023 09:17:36,ResampledType,6389,12.112171
02-01-2023 09:17:37,ResampledType,-98610,12.112335
02-01-2023 09:17:38,ResampledType,-76648,12.089197
02-01-2023 09:17:39,ResampledType,-430407,12.072292
02-01-2023 09:17:40,ResampledType,444445,12.321337
02-01-2023 09:17:41,ResampledType,-10492,12.254922
02-01-2023 09:17:42,ResampledType,81072,12.242949
02-01-2023 09:17:43,ResampledType,-949444,12.25439
02-01-2023 09:17:44,ResampledType,169025,12.202822
02-01-2023 09:17:45,ResampledType,-581192,12.206623
02-01-2023 09:17:46,ResampledType,1355292,12.192413
02-01-2023 09:17:47,ResampledType,-75846,12.230587
02-01-2023 09:17:48,ResampledType,-94264,12.337405
02-01-2023 09:17:49,ResampledType,-1837419,12.312872
02-01-2023 09:17:50,ResampledType,-140082,12.222699
02-01-2023 09:17:51,ResampledType,1616693,12.185328
02-01-2023 09:17:52,ResampledType,-159161,12.220932
02-01-2023 09:17:53,ResampledType,811392,12.281033
02-01-2023 09:17:54,ResampledType,-901099,12.326357
02-01-2023 09:17:55,ResampledType,-276525,12.258109
02-01-2023 09:17:56,ResampledType,-181579,12.219852
02-01-2023 09:17:57,ResampledType,608239,12.087717
02-01-2023 09:17:58,ResampledType,735465,12.109955
02-01-2023 09:17:59,ResampledType,6925,12.167707
02-01-2023 09:18:00,ResampledType,5318,12.176481
02-01-2023 09:18:01,ResampledType,-18613,12.187741
02-01-2023 09:18:02,ResampledType,19714,12.140978
02-01-2023 09:18:03,ResampledType,-345769,12.317487
02-01-2023 09:18:04,ResampledType,93889,12.317829
02-01-2023 09:18:05,ResampledType,-115345,12.3609295
02-01-2023 09:18:06,ResampledType,-938872,12.357598
02-01-2023 09:18:07,ResampledType,-127,12.364898
02-01-2023 09:18:08,ResampledType,1118743,12.331759
02-01-2023 09:18:09,ResampledType,151365,12.38505
02-01-2023 09:18:10,ResampledType,-488361,12.40433
02-01-2023 09:18:11,ResampledType,229805,12.419167
02-01-2023 09:18:12,ResampledType,215732,12.39175
02-01-2023 09:18:13,ResampledType,-557365,12.432583
02-01-2023 09:18:14,ResampledType,-98818,12.429407
02-01-2023 09:18:15,ResampledType,486440,12.447569
02-01-2023 09:18:16,ResampledType,-816987,12.382629
02-01-2023 09:18:17,ResampledType,351641,12.3581085
02-01-2023 09:18:18,ResampledType,315827,12.349185
02-01-2023 09:18:19,ResampledType,234293,12.359977
02-01-2023 09:18:20,ResampledType,-1962,12.3514385
02-01-2023 09:18:21,ResampledType,72001,12.315045
02-01-2023 09:18:22,ResampledType,91004,12.313496
02-01-2023 09:18:23,ResampledType,-254287,12.283795
02-01-2023 09:18:24,ResampledType,-166105,12.273733
02-01-2023 09:18:25,ResampledType,-57787,12.208672
02-01-2023 09:18:26,ResampledType,460653,12.306355
02-01-2023 09:18:27,ResampledType,16434,12.466275
02-01-2023 09:18:28,ResampledType,-21970,12.438303
02-01-2023 09:18:29,ResampledType,13512,12.374169
02-01-2023 09:18:30,ResampledType,11541,12.362472
02-01-2023 09:18:31,ResampledType,-276091,12.376629
02-01-2023 09:18:32,ResampledType,134320,12.388988
02-01-2023 09:18:33,ResampledType,83842,12.453321
02-01-2023 09:18:34,ResampledType,28909,12.477087
02-01-2023 09:18:35,ResampledType,-203719,12.505694
02-01-2023 09:18:36,ResampledType,-593025,12.507993
02-01-2023 09:18:37,ResampledType,762840,12.333354
02-01-2023 09:18:38,ResampledType,36249,12.41813
02-01-2023 09:18:39,ResampledType,-302974,12.458239
02-01-2023 09:18:40,ResampledType,-129066,12.33508
02-01-2023 09:18:41,ResampledType,-376836,12.236412
02-01-2023 09:18:42,ResampledType,606732,12.220314
02-01-2023 09:18:43,ResampledType,218829,12.2753725
02-01-2023 09:18:44,ResampledType,214,12.293441
02-01-2023 09:18:45,ResampledType,1806,12.334577
02-01-2023 09:18:46,ResampledType,-84872,12.354656
02-01-2023 09:18:47,ResampledType,-1129938,12.349962
02-01-2023 09:18:48,ResampledType,657361,12.327818
02-01-2023 09:18:49,ResampledType,185770,12.391438
02-01-2023 09:18:50,ResampledType,298378,12.376877
02-01-2023 09:18:51,ResampledType,-1466207,12.286636
02-01-2023 09:18:52,ResampledType,643583,12.198475
02-01-2023 09:18:53,ResampledType,790078,12.2690115
02-01-2023 09:18:54,ResampledType,114394,12.359384
02-01-2023 09:18:55,ResampledType,796,12.422335
02-01-2023 09:18:56,ResampledType,-115338,12.342359
02-01-2023 09:18:57,ResampledType,-35105,12.164706
02-01-2023 09:18:58,ResampledType,112186,12.104377
02-01-2023 09:18:59,ResampledType,-3734591,11.9948845
02-01-2023 09:19:00,ResampledType,3103125,11.976125
02-01-2023 09:19:01,ResampledType,531839,12.027408
02-01-2023 09:19:02,ResampledType,89718,12.107772
02-01-2023 09:19:03,ResampledType,50229,12.1429825
02-01-2023 09:19:04,ResampledType,-1622740,12.235695
02-01-2023 09:19:05,ResampledType,1448121,12.094706
02-01-2023 09:19:06,ResampledType,74371,12.115917
02-01-2023 09:19:07,ResampledType,59433,12.155113
02-01-2023 09:19:08,ResampledType,-43274,12.209585
02-01-2023 09:19:09,ResampledType,-113527,12.204273
02-01-2023 09:19:10,ResampledType,114084,12.189653
02-01-2023 09:19:11,ResampledType,80617,12.272514
02-01-2023 09:19:12,ResampledType,64,12.2884035
02-01-2023 09:19:13,ResampledType,-4437,12.302791
02-01-2023 09:19:14,ResampledType,-1333129,12.250726
02-01-2023 09:19:15,ResampledType,386007,12.223387
02-01-2023 09:19:16,ResampledType,-35065,12.244022
02-01-2023 09:19:17,ResampledType,361623,12.2254505
02-01-2023 09:19:18,ResampledType,216673,12.258784
02-01-2023 09:19:19,ResampledType,190410,12.268552
02-01-2023 09:19:20,ResampledType,206712,12.273054
02-01-2023 09:19:21,ResampledType,-283826,12.297065
02-01-2023 09:19:22,ResampledType,259989,12.251852
02-01-2023 09:19:23,ResampledType,-113813,12.230047
02-01-2023 09:19:24,ResampledType,91549,12.215398
02-01-2023 09:19:25,ResampledType,-3050623,12.272342
02-01-2023 09:19:26,ResampledType,663967,12.278686
02-01-2023 09:19:27,ResampledType,2396109,12.2119875
02-01-2023 09:19:28,ResampledType,-37029,12.131622
02-01-2023 09:19:29,ResampledType,-795174,12.045449
02-01-2023 09:19:30,ResampledType,-348481,12.00572
02-01-2023 09:19:31,ResampledType,1082985,11.932396
02-01-2023 09:19:32,ResampledType,38515,11.947521
02-01-2023 09:19:33,ResampledType,-99896,11.85587
02-01-2023 09:19:34,ResampledType,121205,11.862094
02-01-2023 09:19:35,ResampledType,7538,11.8891945
02-01-2023 09:19:36,ResampledType,35959,11.836443
02-01-2023 09:19:37,ResampledType,-17188,11.847019
02-01-2023 09:19:38,ResampledType,56677,11.7452755
02-01-2023 09:19:39,ResampledType,3724,11.772581
02-01-2023 09:19:40,ResampledType,-177436,11.736011
02-01-2023 09:19:41,ResampledType,121786,11.691308
02-01-2023 09:19:42,ResampledType,-117688,11.994762
02-01-2023 09:19:43,ResampledType,63939,11.985189
02-01-2023 09:19:44,ResampledType,-469924,11.940379
02-01-2023 09:19:45,ResampledType,-185592,11.906492
02-01-2023 09:19:46,ResampledType,-206432,11.898397
02-01-2023 09:19:47,ResampledType,89155,11.865729
02-01-2023 09:19:48,ResampledType,-58844,11.869911
02-01-2023 09:19:49,ResampledType,-531129,11.648285
02-01-2023 09:19:50,ResampledType,-1875252,11.564385
02-01-2023 09:19:51,ResampledType,2936928,11.54191
02-01-2023 09:19:52,ResampledType,-1235838,11.564732
02-01-2023 09:19:53,ResampledType,-187624,11.555181
02-01-2023 09:19:54,ResampledType,-23029,11.429251
02-01-2023 09:19:55,ResampledType,-18784,11.360247
02-01-2023 09:19:56,ResampledType,1068898,11.264758
02-01-2023 09:19:57,ResampledType,682991,11.294862
02-01-2023 09:19:58,ResampledType,-317126,11.31695
02-01-2023 09:19:59,ResampledType,286187,11.330139
02-01-2023 09:20:00,ResampledType,52623,11.376496
02-01-2023 09:20:01,ResampledType,27267,11.367331
02-01-2023 09:20:02,ResampledType,-37653,11.286211
02-01-2023 09:20:03,ResampledType,114118,11.187435
02-01-2023 09:20:04,ResampledType,245,11.225419
02-01-2023 09:20:05,ResampledType,-551683,11.32474
02-01-2023 09:20:06,ResampledType,-182818,11.272254
02-01-2023 09:20:07,ResampledType,37220,11.211277
02-01-2023 09:20:08,ResampledType,222119,11.235515
02-01-2023 09:20:09,ResampledType,-303281,11.138106
02-01-2023 09:20:10,ResampledType,535718,11.099153
02-01-2023 09:20:11,ResampledType,-199,11.122829
02-01-2023 09:20:12,ResampledType,36906,11.101378
02-01-2023 09:20:13,ResampledType,-429087,11.11784
02-01-2023 09:20:14,ResampledType,504097,11.084367
02-01-2023 09:20:15,ResampledType,-1411766,11.122849
02-01-2023 09:20:16,ResampledType,1410283,11.123863
02-01-2023 09:20:17,ResampledType,-821044,11.162422
02-01-2023 09:20:18,ResampledType,-1800003,11.113587
02-01-2023 09:20:19,ResampledType,1600453,11.093899
02-01-2023 09:20:20,ResampledType,-552433,11.080414
02-01-2023 09:20:21,ResampledType,-323953,11.056176
02-01-2023 09:20:22,ResampledType,1411816,11.026241
02-01-2023 09:20:23,ResampledType,-349298,11.103476
02-01-2023 09:20:24,ResampledType,84623,11.090604
02-01-2023 09:20:25,ResampledType,-722100,11.124354
02-01-2023 09:20:26,ResampledType,1488201,11.114298
02-01-2023 09:20:27,ResampledType,-56,11.123637
02-01-2023 09:20:28,ResampledType,74053,11.12327
02-01-2023 09:20:29,ResampledType,-2187584,11.1286335
02-01-2023 09:20:30,ResampledType,1810687,11.106134
02-01-2023 09:20:31,ResampledType,188582,11.150677
02-01-2023 09:20:32,ResampledType,213738,11.193405
02-01-2023 09:20:33,ResampledType,1068,11.2205715
02-01-2023 09:20:34,ResampledType,-260956,11.221442
02-01-2023 09:20:35,ResampledType,235409,11.262934
02-01-2023 09:20:36,ResampledType,-1316612,11.455638
02-01-2023 09:20:37,ResampledType,-69906,11.516351
02-01-2023 09:20:38,ResampledType,1382896,11.51421
02-01-2023 09:20:39,ResampledType,-1015063,11.567131
02-01-2023 09:20:40,ResampledType,504830,11.450926
02-01-2023 09:20:41,ResampledType,454488,11.407006
02-01-2023 09:20:42,ResampledType,97749,11.397989
02-01-2023 09:20:43,ResampledType,-120727,11.449165
02-01-2023 09:20:44,ResampledType,-256100,11.454182
02-01-2023 09:20:45,ResampledType,-82039,11.402024
02-01-2023 09:20:46,ResampledType,319800,11.2273035
02-01-2023 09:20:47,ResampledType,92605,11.247681
02-01-2023 09:20:48,ResampledType,-97485,11.251069
02-01-2023 09:20:49,ResampledType,-1590236,11.207542
02-01-2023 09:20:50,ResampledType,-674838,11.184342
02-01-2023 09:20:51,ResampledType,87446,11.176413
02-01-2023 09:20:52,ResampledType,-750776,11.144266
02-01-2023 09:20:53,ResampledType,2018613,10.974723
02-01-2023 09:20:54,ResampledType,17419,11.092569
02-01-2023 09:20:55,ResampledType,426799,11.076588
02-01-2023 09:20:56,ResampledType,-44307,11.135399
02-01-2023 09:20:57,ResampledType,573764,11.102996
02-01-2023 09:20:58,ResampledType,81547,11.105046
02-01-2023 09:20:59,ResampledType,-66802,11.137964
02-01-2023 09:21:00,ResampledType,-334006,11.099037
02-01-2023 09:21:01,ResampledType,85646,11.077174
02-01-2023 09:21:02,ResampledType,-148537,11.105342
02-01-2023 09:21:03,ResampledType,426048,11.104464
02-01-2023 09:21:04,ResampledType,38253,11.194737
02-01-2023 09:21:05,ResampledType,-1019309,11.501896
02-01-2023 09:21:06,ResampledType,843342,11.4833
02-01-2023 09:21:07,ResampledType,99465,11.436623
02-01-2023 09:21:08,ResampledType,-1803567,11.453531
02-01-2023 09:21:09,ResampledType,-2007103,11.428003
02-01-2023 09:21:10,ResampledType,3420941,11.457657
02-01-2023 09:21:11,ResampledType,437863,11.501065
02-01-2023 09:21:12,ResampledType,-54792,11.532827
02-01-2023 09:21:13,ResampledType,78055,11.521902
02-01-2023 09:21:14,ResampledType,-9630,11.563071
02-01-2023 09:21:15,ResampledType,-16360,11.675266
02-01-2023 09:21:16,ResampledType,29814,11.635275
02-01-2023 09:21:17,ResampledType,-995294,11.6151
02-01-2023 09:21:18,ResampledType,-65449,11.579342
02-01-2023 09:21:19,ResampledType,-1243595,11.547698
02-01-2023 09:21:20,ResampledType,-253426,11.501444
02-01-2023 09:21:21,ResampledType,-65515,11.371962
02-01-2023 09:21:22,ResampledType,-927978,11.267681
02-01-2023 09:21:23,ResampledType,-1419477,11.23897
02-01-2023 09:21:24,ResampledType,1257066,11.186893
02-01-2023 09:21:25,ResampledType,2983567,11.17666
02-01-2023 09:21:26,ResampledType,261336,11.253136
02-01-2023 09:21:27,ResampledType,463701,11.316009
02-01-2023 09:21:28,ResampledType,6033,11.3576145
02-01-2023 09:21:29,ResampledType,-87813,11.3929615
02-01-2023 09:21:30,ResampledType,50752,11.387688
02-01-2023 09:21:31,ResampledType,-90313,11.3914795
02-01-2023 09:21:32,ResampledType,-1850182,11.303204
02-01-2023 09:21:33,ResampledType,-12127,11.278158
02-01-2023 09:21:34,ResampledType,1989504,11.270279
02-01-2023 09:21:35,ResampledType,-5091,11.322037
02-01-2023 09:21:36,ResampledType,5639,11.274261
02-01-2023 09:21:37,ResampledType,-13038,11.299736
02-01-2023 09:21:38,ResampledType,9558,11.213935
02-01-2023 09:21:39,ResampledType,-1133330,11.530815
02-01-2023 09:21:40,ResampledType,-31787,11.502699
02-01-2023 09:21:41,ResampledType,985952,11.393506
02-01-2023 09:21:42,ResampledType,-223193,11.434348
02-01-2023 09:21:43,ResampledType,273435,11.432463
02-01-2023 09:21:44,ResampledType,-1757159,11.383921
02-01-2023 09:21:45,ResampledType,1140271,11.331492
02-01-2023 09:21:46,ResampledType,544869,11.322552
02-01-2023 09:21:47,ResampledType,192591,11.404643
02-01-2023 09:21:48,ResampledType,-27015,11.553562
02-01-2023 09:21:49,ResampledType,39695,11.554083
02-01-2023 09:21:50,ResampledType,-2379,11.579959
02-01-2023 09:21:51,ResampledType,-815350,11.515501
02-01-2023 09:21:52,ResampledType,239860,11.475735
02-01-2023 09:21:53,ResampledType,521189,11.543058
02-01-2023 09:21:54,ResampledType,-559104,11.531936
02-01-2023 09:21:55,ResampledType,-2737,11.477103
02-01-2023 09:21:56,ResampledType,60116,11.389724
02-01-2023 09:21:57,ResampledType,-1135778,11.562717
02-01-2023 09:21:58,ResampledType,-668070,11.535161
02-01-2023 09:21:59,ResampledType,1819732,11.491095
02-01-2023 09:22:00,ResampledType,491178,11.482806
02-01-2023 09:22:01,ResampledType,41308,11.613071
02-01-2023 09:22:02,ResampledType,5376,11.756386
02-01-2023 09:22:03,ResampledType,1687,11.873443
02-01-2023 09:22:04,ResampledType,-8772,11.886071
02-01-2023 09:22:05,ResampledType,-98259,11.815342
02-01-2023 09:22:06,ResampledType,-160510,11.790134
02-01-2023 09:22:07,ResampledType,122616,11.7547455
02-01-2023 09:22:08,ResampledType,-205523,11.81954
02-01-2023 09:22:09,ResampledType,228813,11.799247
02-01-2023 09:22:10,ResampledType,-367669,11.778644
02-01-2023 09:22:11,ResampledType,-2305098,11.740919
02-01-2023 09:22:12,ResampledType,1238255,11.700188
02-01-2023 09:22:13,ResampledType,1064075,11.711884
02-01-2023 09:22:14,ResampledType,489232,11.767255
02-01-2023 09:22:15,ResampledType,-903498,11.931135
02-01-2023 09:22:16,ResampledType,-71509,11.98298
02-01-2023 09:22:17,ResampledType,97994,12.037214
02-01-2023 09:22:18,ResampledType,-804796,12.084454
02-01-2023 09:22:19,ResampledType,1379176,12.052932
02-01-2023 09:22:20,ResampledType,296137,12.154934
02-01-2023 09:22:21,ResampledType,-49869,12.260822
02-01-2023 09:22:22,ResampledType,48573,12.295002
02-01-2023 09:22:23,ResampledType,-5576,12.307262
02-01-2023 09:22:24,ResampledType,-1270840,12.305167
02-01-2023 09:22:25,ResampledType,-25375,12.242945
02-01-2023 09:22:26,ResampledType,740919,12.238505
02-01-2023 09:22:27,ResampledType,541782,12.202911
02-01-2023 09:22:28,ResampledType,-1473735,12.1444
02-01-2023 09:22:29,ResampledType,-28657,12.036444
02-01-2023 09:22:30,ResampledType,1008479,12.013366
02-01-2023 09:22:31,ResampledType,488608,12.037414
02-01-2023 09:22:32,ResampledType,-1364124,12.069278
02-01-2023 09:22:33,ResampledType,374583,11.8893
02-01-2023 09:22:34,ResampledType,747677,11.91412
02-01-2023 09:22:35,ResampledType,-410268,11.906769
02-01-2023 09:22:36,ResampledType,493764,11.887949
02-01-2023 09:22:37,ResampledType,-2213070,11.931941
02-01-2023 09:22:38,ResampledType,1480900,11.928761
02-01-2023 09:22:39,ResampledType,678714,11.945915
02-01-2023 09:22:40,ResampledType,184062,11.94291
02-01-2023 09:22:41,ResampledType,60881,11.985984
02-01-2023 09:22:42,ResampledType,3972,12.004276
02-01-2023 09:22:43,ResampledType,465,12.066699
02-01-2023 09:22:44,ResampledType,-453900,12.188097
02-01-2023 09:22:45,ResampledType,-225399,12.233025
02-01-2023 09:22:46,ResampledType,-8365,11.972019
02-01-2023 09:22:47,ResampledType,-823,11.948211
02-01-2023 09:22:48,ResampledType,625579,11.914723
02-01-2023 09:22:49,ResampledType,60336,11.930208
02-01-2023 09:22:50,ResampledType,671,11.954972
02-01-2023 09:22:51,ResampledType,1186,11.97075
02-01-2023 09:22:52,ResampledType,-184780,12.076146
02-01-2023 09:22:53,ResampledType,-130887,11.981664
02-01-2023 09:22:54,ResampledType,-975589,11.907356
02-01-2023 09:22:55,ResampledType,-963615,11.80425
02-01-2023 09:22:56,ResampledType,442275,11.595995
02-01-2023 09:22:57,ResampledType,-872207,11.57944
02-01-2023 09:22:58,ResampledType,-1173331,11.466647
02-01-2023 09:22:59,ResampledType,2038238,11.449265
02-01-2023 09:23:00,ResampledType,-239263,11.530635
02-01-2023 09:23:01,ResampledType,1830307,11.525219
02-01-2023 09:23:02,ResampledType,7074,11.610372
02-01-2023 09:23:03,ResampledType,-747,11.645882
02-01-2023 09:23:04,ResampledType,210212,11.646364
02-01-2023 09:23:05,ResampledType,-253891,11.658126
02-01-2023 09:23:06,ResampledType,236936,11.596706
02-01-2023 09:23:07,ResampledType,-931869,11.838431
02-01-2023 09:23:08,ResampledType,-390,11.847043
02-01-2023 09:23:09,ResampledType,417255,11.823178
02-01-2023 09:23:10,ResampledType,-197782,11.850381
02-01-2023 09:23:11,ResampledType,280617,11.810876
02-01-2023 09:23:12,ResampledType,200925,11.841504
02-01-2023 09:23:13,ResampledType,89705,11.8584175
02-01-2023 09:23:14,ResampledType,21711,11.901446
02-01-2023 09:23:15,ResampledType,142912,11.952145
02-01-2023 09:23:16,ResampledType,-406,12.006929
02-01-2023 09:23:17,ResampledType,-568527,12.036243
02-01-2023 09:23:18,ResampledType,565582,12.039245
02-01-2023 09:23:19,ResampledType,191,12.095876
02-01-2023 09:23:20,ResampledType,-952,12.177074
02-01-2023 09:23:21,ResampledType,-12444,12.252591
02-01-2023 09:23:22,ResampledType,-266890,12.210083
02-01-2023 09:23:23,ResampledType,236633,12.209423
02-01-2023 09:23:24,ResampledType,-334580,12.20757
02-01-2023 09:23:25,ResampledType,276547,12.238099
02-01-2023 09:23:26,ResampledType,-188227,12.273851
02-01-2023 09:23:27,ResampledType,285593,12.447963
02-01-2023 09:23:28,ResampledType,718,12.512334
02-01-2023 09:23:29,ResampledType,-918052,12.578651
02-01-2023 09:23:30,ResampledType,886115,12.565162
02-01-2023 09:23:31,ResampledType,25577,12.599003
02-01-2023 09:23:32,ResampledType,-252314,12.575466
02-01-2023 09:23:33,ResampledType,170526,12.748317
02-01-2023 09:23:34,ResampledType,-121783,12.849437
02-01-2023 09:23:35,ResampledType,81294,12.835859
02-01-2023 09:23:36,ResampledType,-286271,12.860871
02-01-2023 09:23:37,ResampledType,317983,12.826969
02-01-2023 09:23:38,ResampledType,-2009,12.86562
02-01-2023 09:23:39,ResampledType,3131,12.831019
02-01-2023 09:23:40,ResampledType,88315,13.0861635
02-01-2023 09:23:41,ResampledType,-54708,13.258901
02-01-2023 09:23:42,ResampledType,-183783,13.257551
02-01-2023 09:23:43,ResampledType,153635,13.146929
02-01-2023 09:23:44,ResampledType,-1122760,13.169471
02-01-2023 09:23:45,ResampledType,800298,13.155469
02-01-2023 09:23:46,ResampledType,-7379,13.235608
02-01-2023 09:23:47,ResampledType,54097,13.237575
02-01-2023 09:23:48,ResampledType,-88151,13.196817
02-01-2023 09:23:49,ResampledType,-107102,13.091436
02-01-2023 09:23:50,ResampledType,-669641,13.097719
02-01-2023 09:23:51,ResampledType,-617597,13.073203
02-01-2023 09:23:52,ResampledType,1811730,13.035078
02-01-2023 09:23:53,ResampledType,41985,13.027267
02-01-2023 09:23:54,ResampledType,6452,13.095762
02-01-2023 09:23:55,ResampledType,-1781,13.124349
02-01-2023 09:23:56,ResampledType,-188790,13.1101
02-01-2023 09:23:57,ResampledType,-382687,13.10927
02-01-2023 09:23:58,ResampledType,306008,13.041593
02-01-2023 09:23:59,ResampledType,209315,13.063791
02-01-2023 09:24:00,ResampledType,-3214545,13.17716
02-01-2023 09:24:01,ResampledType,1104815,13.1271515
02-01-2023 09:24:02,ResampledType,-196282,13.120651
02-01-2023 09:24:03,ResampledType,1808161,13.145088
02-01-2023 09:24:04,ResampledType,179279,13.19721
02-01-2023 09:24:05,ResampledType,211359,13.1984005
02-01-2023 09:24:06,ResampledType,-972794,13.210922
02-01-2023 09:24:07,ResampledType,-39092,13.204446
02-01-2023 09:24:08,ResampledType,-400440,13.18586
02-01-2023 09:24:09,ResampledType,1482301,13.1573105
02-01-2023 09:24:10,ResampledType,-1532576,13.221096
02-01-2023 09:24:11,ResampledType,841028,13.152527
02-01-2023 09:24:12,ResampledType,191732,13.133886
02-01-2023 09:24:13,ResampledType,429555,13.134038
02-01-2023 09:24:14,ResampledType,103768,13.158675
02-01-2023 09:24:15,ResampledType,-226603,13.052071
02-01-2023 09:24:16,ResampledType,-95,12.845365
02-01-2023 09:24:17,ResampledType,206427,12.840564
02-01-2023 09:24:18,ResampledType,-47453,12.904742
02-01-2023 09:24:19,ResampledType,57021,12.926451
02-01-2023 09:24:20,ResampledType,-9130,12.957443
02-01-2023 09:24:21,ResampledType,-149563,12.92074
02-01-2023 09:24:22,ResampledType,122317,13.0419235
02-01-2023 09:24:23,ResampledType,-143212,13.158578
02-01-2023 09:24:24,ResampledType,200382,13.141118
02-01-2023 09:24:25,ResampledType,-465790,13.252769
02-01-2023 09:24:26,ResampledType,-732,13.231318
02-01-2023 09:24:27,ResampledType,-625997,13.168894
02-01-2023 09:24:28,ResampledType,-879173,12.99646
02-01-2023 09:24:29,ResampledType,1709012,13.059409
02-01-2023 09:24:30,ResampledType,273279,13.143296
02-01-2023 09:24:31,ResampledType,4421,13.177446
02-01-2023 09:24:32,ResampledType,21783,13.139511
02-01-2023 09:24:33,ResampledType,-640250,13.347231
02-01-2023 09:24:34,ResampledType,572706,13.39682
02-01-2023 09:24:35,ResampledType,79848,13.412783
02-01-2023 09:24:36,ResampledType,-116765,13.451166
02-01-2023 09:24:37,ResampledType,123045,13.449097
02-01-2023 09:24:38,ResampledType,-26276,13.4772215
02-01-2023 09:24:39,ResampledType,3044,13.448118
02-01-2023 09:24:40,ResampledType,14015,13.508735
02-01-2023 09:24:41,ResampledType,-16399,13.501163
02-01-2023 09:24:42,ResampledType,-101440,13.43595
02-01-2023 09:24:43,ResampledType,-29318,13.135306
02-01-2023 09:24:44,ResampledType,58960,13.104833
02-01-2023 09:24:45,ResampledType,81274,13.164178
02-01-2023 09:24:46,ResampledType,-15450,13.214802
02-01-2023 09:24:47,ResampledType,32289,13.383172
02-01-2023 09:24:48,ResampledType,-1175826,13.419464
02-01-2023 09:24:49,ResampledType,-330726,13.318113
02-01-2023 09:24:50,ResampledType,193350,13.32588
02-01-2023 09:24:51,ResampledType,-2114,13.24548
02-01-2023 09:24:52,ResampledType,205912,13.205898
02-01-2023 09:24:53,ResampledType,-229234,13.050009
02-01-2023 09:24:54,ResampledType,1142132,13.035684
02-01-2023 09:24:55,ResampledType,-214662,13.071643
02-01-2023 09:24:56,ResampledType,-1756570,13.023271
02-01-2023 09:24:57,ResampledType,248191,12.982318
02-01-2023 09:24:58,ResampledType,-445805,12.933734
02-01-2023 09:24:59,ResampledType,1056119,12.868631
02-01-2023 09:25:00,ResampledType,1168354,12.663213
02-01-2023 09:25:01,ResampledType,104812,12.504662
02-01-2023 09:25:02,ResampledType,14306,12.504642
02-01-2023 09:25:03,ResampledType,-13641,12.539564
02-01-2023 09:25:04,ResampledType,-30060,12.526646
02-01-2023 09:25:05,ResampledType,49768,12.404119
02-01-2023 09:25:06,ResampledType,2164,12.452564
02-01-2023 09:25:07,ResampledType,5730,12.577916
02-01-2023 09:25:08,ResampledType,-3665,12.613953
02-01-2023 09:25:09,ResampledType,10816,12.554048
02-01-2023 09:25:10,ResampledType,-1211040,12.55801
02-01-2023 09:25:11,ResampledType,759813,12.526468
02-01-2023 09:25:12,ResampledType,-6192,12.452501
02-01-2023 09:25:13,ResampledType,-237721,12.4381695
02-01-2023 09:25:14,ResampledType,143731,12.54326
02-01-2023 09:25:15,ResampledType,85600,12.708525
02-01-2023 09:25:16,ResampledType,104583,12.763664
02-01-2023 09:25:17,ResampledType,119278,12.761012
02-01-2023 09:25:18,ResampledType,-368494,12.707445
02-01-2023 09:25:19,ResampledType,591687,12.628876
02-01-2023 09:25:20,ResampledType,14338,12.758885
02-01-2023 09:25:21,ResampledType,-115571,12.667882
02-01-2023 09:25:22,ResampledType,-272455,12.5666
02-01-2023 09:25:23,ResampledType,146539,12.569499
02-01-2023 09:25:24,ResampledType,54909,12.570293
02-01-2023 09:25:25,ResampledType,181042,12.641926
02-01-2023 09:25:26,ResampledType,-81557,12.608221
02-01-2023 09:25:27,ResampledType,-215522,12.621349
02-01-2023 09:25:28,ResampledType,-1245539,12.717471
02-01-2023 09:25:29,ResampledType,-13911,12.675269
02-01-2023 09:25:30,ResampledType,-40705,12.629824
02-01-2023 09:25:31,ResampledType,-1131819,12.624923
02-01-2023 09:25:32,ResampledType,1859632,12.701644
02-01-2023 09:25:33,ResampledType,299112,12.794586
02-01-2023 09:25:34,ResampledType,361880,12.833053
02-01-2023 09:25:35,ResampledType,108044,12.894182
02-01-2023 09:25:36,ResampledType,24826,12.860145
02-01-2023 09:25:37,ResampledType,-73971,12.865901
02-01-2023 09:25:38,ResampledType,-170499,12.685621
02-01-2023 09:25:39,ResampledType,192215,12.576974
02-01-2023 09:25:40,ResampledType,60046,12.587784
02-01-2023 09:25:41,ResampledType,-71381,12.773147
02-01-2023 09:25:42,ResampledType,-64119,12.783337
02-01-2023 09:25:43,ResampledType,-778492,12.748588
02-01-2023 09:25:44,ResampledType,-2155,12.702245
02-01-2023 09:25:45,ResampledType,470728,12.660743
02-01-2023 09:25:46,ResampledType,-201567,12.604721
02-01-2023 09:25:47,ResampledType,444444,12.494115
02-01-2023 09:25:48,ResampledType,92550,12.532134
02-01-2023 09:25:49,ResampledType,187462,12.623906
02-01-2023 09:25:50,ResampledType,-46429,12.590968
02-01-2023 09:25:51,ResampledType,-530153,12.5163355
02-01-2023 09:25:52,ResampledType,3423,12.4691
02-01-2023 09:25:53,ResampledType,-1466806,12.472238
02-01-2023 09:25:54,ResampledType,60992,12.454606
02-01-2023 09:25:55,ResampledType,-275262,12.619735
02-01-2023 09:25:56,ResampledType,-88150,12.563803
02-01-2023 09:25:57,ResampledType,-131821,12.472417
02-01-2023 09:25:58,ResampledType,2309470,12.467098
02-01-2023 09:25:59,ResampledType,-930,12.707497
02-01-2023 09:26:00,ResampledType,164672,12.68865
02-01-2023 09:26:01,ResampledType,-507425,12.763077
02-01-2023 09:26:02,ResampledType,479747,12.717121
02-01-2023 09:26:03,ResampledType,16905,12.726284
02-01-2023 09:26:04,ResampledType,-1163697,12.65801
02-01-2023 09:26:05,ResampledType,631847,12.529156
02-01-2023 09:26:06,ResampledType,77019,12.550413
02-01-2023 09:26:07,ResampledType,-16097,12.557662
02-01-2023 09:26:08,ResampledType,167741,12.517368
02-01-2023 09:26:09,ResampledType,-26299,12.517769
02-01-2023 09:26:10,ResampledType,-548064,12.470024
02-01-2023 09:26:11,ResampledType,-746910,12.469874
02-01-2023 09:26:12,ResampledType,1057545,12.4619875
02-01-2023 09:26:13,ResampledType,203639,12.494847
02-01-2023 09:26:14,ResampledType,-349119,12.662159
02-01-2023 09:26:15,ResampledType,-253,12.71427
02-01-2023 09:26:16,ResampledType,-218755,12.679336
02-01-2023 09:26:17,ResampledType,214017,12.654278
02-01-2023 09:26:18,ResampledType,-85365,12.654414
02-01-2023 09:26:19,ResampledType,157347,12.603657
02-01-2023 09:26:20,ResampledType,287998,12.51288
02-01-2023 09:26:21,ResampledType,278965,12.527431
02-01-2023 09:26:22,ResampledType,-52082,12.606483
02-01-2023 09:26:23,ResampledType,-607090,12.491652
02-01-2023 09:26:24,ResampledType,-564378,12.428734
02-01-2023 09:26:25,ResampledType,-42,12.353589
02-01-2023 09:26:26,ResampledType,1106840,12.362935
02-01-2023 09:26:27,ResampledType,34114,12.350057
02-01-2023 09:26:28,ResampledType,-796620,12.30276
02-01-2023 09:26:29,ResampledType,652406,12.289446
02-01-2023 09:26:30,ResampledType,65613,12.326687
02-01-2023 09:26:31,ResampledType,178782,12.308667
02-01-2023 09:26:32,ResampledType,52177,12.331517
02-01-2023 09:26:33,ResampledType,14799,12.329681
02-01-2023 09:26:34,ResampledType,-146477,12.324008
02-01-2023 09:26:35,ResampledType,-408301,12.326936
02-01-2023 09:26:36,ResampledType,437997,12.381446
02-01-2023 09:26:37,ResampledType,-1324341,12.398358
02-01-2023 09:26:38,ResampledType,344586,12.283294
02-01-2023 09:26:39,ResampledType,505535,12.2805195
02-01-2023 09:26:40,ResampledType,22231,12.290174
02-01-2023 09:26:41,ResampledType,60716,12.316401
02-01-2023 09:26:42,ResampledType,390250,12.3550625
02-01-2023 09:26:43,ResampledType,-62165,12.377902
02-01-2023 09:26:44,ResampledType,-70319,12.275874
02-01-2023 09:26:45,ResampledType,248439,12.162231
02-01-2023 09:26:46,ResampledType,5234,12.1929035
02-01-2023 09:26:47,ResampledType,1578,12.270241
02-01-2023 09:26:48,ResampledType,-494275,12.276868
02-01-2023 09:26:49,ResampledType,-102732,12.253814
02-01-2023 09:26:50,ResampledType,-339944,12.224575
02-01-2023 09:26:51,ResampledType,-133357,12.140745
02-01-2023 09:26:52,ResampledType,964218,12.119438
02-01-2023 09:26:53,ResampledType,-103080,12.125095
02-01-2023 09:26:54,ResampledType,172492,12.122498
02-01-2023 09:26:55,ResampledType,10107,12.134996
02-01-2023 09:26:56,ResampledType,977,12.150818
02-01-2023 09:26:57,ResampledType,-463129,12.144272
02-01-2023 09:26:58,ResampledType,198035,12.064101
02-01-2023 09:26:59,ResampledType,231985,12.068097
02-01-2023 09:27:00,ResampledType,58276,12.098611
02-01-2023 09:27:01,ResampledType,-870038,12.001484
02-01-2023 09:27:02,ResampledType,830861,11.920155
02-01-2023 09:27:03,ResampledType,9993,11.984826
02-01-2023 09:27:04,ResampledType,10546,11.993784
02-01-2023 09:27:05,ResampledType,7994,12.042629
02-01-2023 09:27:06,ResampledType,5965,12.020846
02-01-2023 09:27:07,ResampledType,2273,11.994347
02-01-2023 09:27:08,ResampledType,-75456,12.025364
02-01-2023 09:27:09,ResampledType,-782180,12.037823
02-01-2023 09:27:10,ResampledType,-829059,12.028416
02-01-2023 09:27:11,ResampledType,1409715,12.043195
02-01-2023 09:27:12,ResampledType,61381,12.040538
02-01-2023 09:27:13,ResampledType,-471099,12.054857
02-01-2023 09:27:14,ResampledType,12951,12.041273
02-01-2023 09:27:15,ResampledType,618306,11.966018
02-01-2023 09:27:16,ResampledType,-1323122,12.029419
02-01-2023 09:27:17,ResampledType,1355022,12.105696
02-01-2023 09:27:18,ResampledType,-5472,12.116104
02-01-2023 09:27:19,ResampledType,-434360,12.123567
02-01-2023 09:27:20,ResampledType,417375,11.972523
02-01-2023 09:27:21,ResampledType,-402459,11.957696
02-01-2023 09:27:22,ResampledType,239105,11.925574
02-01-2023 09:27:23,ResampledType,-16147,11.783563
02-01-2023 09:27:24,ResampledType,178328,11.781781
02-01-2023 09:27:25,ResampledType,-123042,11.8109455
02-01-2023 09:27:26,ResampledType,61935,11.805768
02-01-2023 09:27:27,ResampledType,80183,11.882322
02-01-2023 09:27:28,ResampledType,-25933,11.904418
02-01-2023 09:27:29,ResampledType,-494580,11.893006
02-01-2023 09:27:30,ResampledType,-2336486,11.890004
02-01-2023 09:27:31,ResampledType,2634486,11.841976
02-01-2023 09:27:32,ResampledType,-1412200,11.883282
02-01-2023 09:27:33,ResampledType,-56022,11.904658
02-01-2023 09:27:34,ResampledType,1331550,11.894214
02-01-2023 09:27:35,ResampledType,230549,11.971213
02-01-2023 09:27:36,ResampledType,-1657174,11.980794
02-01-2023 09:27:37,ResampledType,1764268,12.001332
02-01-2023 09:27:38,ResampledType,-81146,12.094956
02-01-2023 09:27:39,ResampledType,120552,12.012835
02-01-2023 09:27:40,ResampledType,6013,12.079897
02-01-2023 09:27:41,ResampledType,-17680,12.153681
02-01-2023 09:27:42,ResampledType,9496,12.235472
02-01-2023 09:27:43,ResampledType,-420916,12.166859
02-01-2023 09:27:44,ResampledType,32155,12.146778
02-01-2023 09:27:45,ResampledType,20512,12.199253
02-01-2023 09:27:46,ResampledType,-151561,12.2008505
02-01-2023 09:27:47,ResampledType,-104153,12.060894
02-01-2023 09:27:48,ResampledType,335283,12.078674
02-01-2023 09:27:49,ResampledType,95881,12.0538645
02-01-2023 09:27:50,ResampledType,-39709,11.938608
02-01-2023 09:27:51,ResampledType,-674895,11.82658
02-01-2023 09:27:52,ResampledType,-296717,11.802159
02-01-2023 09:27:53,ResampledType,699331,11.759429
02-01-2023 09:27:54,ResampledType,504422,11.810312
02-01-2023 09:27:55,ResampledType,13058,11.837938
02-01-2023 09:27:56,ResampledType,-198329,12.022515
02-01-2023 09:27:57,ResampledType,-660014,11.999159
02-01-2023 09:27:58,ResampledType,565295,12.024714
02-01-2023 09:27:59,ResampledType,-45287,11.972623
02-01-2023 09:28:00,ResampledType,27484,11.8375435
02-01-2023 09:28:01,ResampledType,155047,11.869526
02-01-2023 09:28:02,ResampledType,-893624,11.900764
02-01-2023 09:28:03,ResampledType,882173,11.889982
02-01-2023 09:28:04,ResampledType,10306,11.897344
02-01-2023 09:28:05,ResampledType,94162,11.930701
02-01-2023 09:28:06,ResampledType,13374,11.951639
02-01-2023 09:28:07,ResampledType,41496,11.961672
02-01-2023 09:28:08,ResampledType,7505,12.053062
02-01-2023 09:28:09,ResampledType,1954,12.056289
02-01-2023 09:28:10,ResampledType,2611,12.114574
02-01-2023 09:28:11,ResampledType,-379111,12.135382
02-01-2023 09:28:12,ResampledType,339935,12.008461
02-01-2023 09:28:13,ResampledType,-239805,12.004509
02-01-2023 09:28:14,ResampledType,-54966,11.997038
02-01-2023 09:28:15,ResampledType,-2417645,12.00196
02-01-2023 09:28:16,ResampledType,688154,12.013981
02-01-2023 09:28:17,ResampledType,271601,12.025209
02-01-2023 09:28:18,ResampledType,-49624,12.071536
02-01-2023 09:28:19,ResampledType,739854,12.069676
02-01-2023 09:28:20,ResampledType,-9824,12.073952
02-01-2023 09:28:21,ResampledType,-357426,11.973867
02-01-2023 09:28:22,ResampledType,-578640,11.942522
02-01-2023 09:28:23,ResampledType,-24891,11.91263
02-01-2023 09:28:24,ResampledType,1974261,11.740435
02-01-2023 09:28:25,ResampledType,33061,11.761589
02-01-2023 09:28:26,ResampledType,23021,11.90522
02-01-2023 09:28:27,ResampledType,-549409,11.849676
02-01-2023 09:28:28,ResampledType,81998,11.78075
02-01-2023 09:28:29,ResampledType,69767,11.893463
02-01-2023 09:28:30,ResampledType,-165527,11.978632
02-01-2023 09:28:31,ResampledType,566732,11.98285
02-01-2023 09:28:32,ResampledType,30787,12.0448
02-01-2023 09:28:33,ResampledType,-130881,12.1732025
02-01-2023 09:28:34,ResampledType,-1494433,12.174483
02-01-2023 09:28:35,ResampledType,296490,12.163646
02-01-2023 09:28:36,ResampledType,787509,12.107158
02-01-2023 09:28:37,ResampledType,37236,12.077208
02-01-2023 09:28:38,ResampledType,429929,12.085755
02-01-2023 09:28:39,ResampledType,25148,12.077614
02-01-2023 09:28:40,ResampledType,-1927606,12.091056
02-01-2023 09:28:41,ResampledType,29836,12.086317
02-01-2023 09:28:42,ResampledType,817900,12.25884
02-01-2023 09:28:43,ResampledType,397654,12.330225
02-01-2023 09:28:44,ResampledType,-385239,12.327542
02-01-2023 09:28:45,ResampledType,-394723,12.322667
02-01-2023 09:28:46,ResampledType,-543039,12.208758
02-01-2023 09:28:47,ResampledType,-1178343,12.168177
02-01-2023 09:28:48,ResampledType,2058891,12.128955
02-01-2023 09:28:49,ResampledType,663627,12.167584
02-01-2023 09:28:50,ResampledType,289699,12.184483
02-01-2023 09:28:51,ResampledType,88030,12.16437
02-01-2023 09:28:52,ResampledType,25659,12.188798
02-01-2023 09:28:53,ResampledType,19842,12.22483
02-01-2023 09:28:54,ResampledType,-262875,12.2851715
02-01-2023 09:28:55,ResampledType,284560,12.26439
02-01-2023 09:28:56,ResampledType,-592873,12.28744
02-01-2023 09:28:57,ResampledType,-456612,12.278612
02-01-2023 09:28:58,ResampledType,-998061,12.214782
02-01-2023 09:28:59,ResampledType,1882363,12.159779
02-01-2023 09:29:00,ResampledType,160454,12.220921
02-01-2023 09:29:01,ResampledType,-329283,12.231211
02-01-2023 09:29:02,ResampledType,-519316,12.203012
02-01-2023 09:29:03,ResampledType,540942,12.180382
02-01-2023 09:29:04,ResampledType,167128,12.1263
02-01-2023 09:29:05,ResampledType,-514058,12.102897
02-01-2023 09:29:06,ResampledType,64628,12.071776
02-01-2023 09:29:07,ResampledType,185077,12.083561
02-01-2023 09:29:08,ResampledType,382060,12.055986
02-01-2023 09:29:09,ResampledType,37448,12.13184
02-01-2023 09:29:10,ResampledType,29098,12.033354
02-01-2023 09:29:11,ResampledType,-1247629,11.943587
02-01-2023 09:29:12,ResampledType,-178366,11.905437
02-01-2023 09:29:13,ResampledType,1153262,11.854249
02-01-2023 09:29:14,ResampledType,101272,11.869055
02-01-2023 09:29:15,ResampledType,204555,11.898945
02-01-2023 09:29:16,ResampledType,-70147,11.992705
02-01-2023 09:29:17,ResampledType,-972546,11.947093
02-01-2023 09:29:18,ResampledType,452553,11.863337
02-01-2023 09:29:19,ResampledType,-442226,11.86433
02-01-2023 09:29:20,ResampledType,969555,11.890781
02-01-2023 09:29:21,ResampledType,3380,12.001387
02-01-2023 09:29:22,ResampledType,-449,12.030352
02-01-2023 09:29:23,ResampledType,51558,12.02813
02-01-2023 09:29:24,ResampledType,-10960,12.035533
02-01-2023 09:29:25,ResampledType,20077,12.012157
02-01-2023 09:29:26,ResampledType,-3259,11.964628
02-01-2023 09:29:27,ResampledType,-344588,11.925755
02-01-2023 09:29:28,ResampledType,232724,11.90478
02-01-2023 09:29:29,ResampledType,-216990,11.990064
02-01-2023 09:29:30,ResampledType,84373,11.978361
02-01-2023 09:29:31,ResampledType,6866,12.065905
02-01-2023 09:29:32,ResampledType,-662119,12.087844
02-01-2023 09:29:33,ResampledType,687337,12.102824
02-01-2023 09:29:34,ResampledType,-268737,11.963885
02-01-2023 09:29:35,ResampledType,-170808,11.823332
02-01-2023 09:29:36,ResampledType,201112,11.849865
02-01-2023 09:29:37,ResampledType,-890543,11.862488
02-01-2023 09:29:38,ResampledType,367290,11.786021
02-01-2023 09:29:39,ResampledType,881042,11.781349
02-01-2023 09:29:40,ResampledType,-214632,11.848211
02-01-2023 09:29:41,ResampledType,-83160,11.832191
02-01-2023 09:29:42,ResampledType,383845,11.835761
02-01-2023 09:29:43,ResampledType,-218851,11.8715
02-01-2023 09:29:44,ResampledType,174435,11.849062
02-01-2023 09:29:45,ResampledType,39858,11.8579
02-01-2023 09:29:46,ResampledType,-301158,11.814542
02-01-2023 09:29:47,ResampledType,106442,11.665584
02-01-2023 09:29:48,ResampledType,209571,11.785151
02-01-2023 09:29:49,ResampledType,82,11.981081
02-01-2023 09:29:50,ResampledType,8,12.155667
02-01-2023 09:29:51,ResampledType,-183503,12.365734
02-01-2023 09:29:52,ResampledType,144853,12.340866
02-01-2023 09:29:53,ResampledType,-269371,12.490894
02-01-2023 09:29:54,ResampledType,142890,12.527651
02-01-2023 09:29:55,ResampledType,-60774,12.597696
02-01-2023 09:29:56,ResampledType,-846707,12.624224
02-01-2023 09:29:57,ResampledType,-306339,12.648146
02-01-2023 09:29:58,ResampledType,-61398,12.60783
02-01-2023 09:29:59,ResampledType,189614,12.512725
02-01-2023 09:30:00,ResampledType,571597,12.700547
02-01-2023 09:30:01,ResampledType,-21574,12.81871
02-01-2023 09:30:02,ResampledType,426007,12.826818
02-01-2023 09:30:03,ResampledType,-226071,12.868731
02-01-2023 09:30:04,ResampledType,156333,12.831498
02-01-2023 09:30:05,ResampledType,319670,12.911287
02-01-2023 09:30:06,ResampledType,-355333,12.9737015
02-01-2023 09:30:07,ResampledType,-6778,12.970405
02-01-2023 09:30:08,ResampledType,379638,12.934482
02-01-2023 09:30:09,ResampledType,-41051,12.977094
02-01-2023 09:30:10,ResampledType,44160,13.019618
02-01-2023 09:30:11,ResampledType,3365,13.04237
02-01-2023 09:30:12,ResampledType,616,13.064096
02-01-2023 09:30:13,ResampledType,86,13.228384
02-01-2023 09:30:14,ResampledType,-8275,13.242004
02-01-2023 09:30:15,ResampledType,-826458,13.19136
02-01-2023 09:30:16,ResampledType,808470,13.157179
02-01-2023 09:30:17,ResampledType,14637,13.294476
02-01-2023 09:30:18,ResampledType,3246,13.363794
02-01-2023 09:30:19,ResampledType,5787,13.397928
02-01-2023 09:30:20,ResampledType,-2314775,13.460472
02-01-2023 09:30:21,ResampledType,-214597,13.389356
02-01-2023 09:30:22,ResampledType,-708051,13.356858
02-01-2023 09:30:23,ResampledType,2997627,13.27908
02-01-2023 09:30:24,ResampledType,-26795,13.29991
02-01-2023 09:30:25,ResampledType,-19294,13.232208
02-01-2023 09:30:26,ResampledType,242328,13.120631
02-01-2023 09:30:27,ResampledType,-166307,13.182324
02-01-2023 09:30:28,ResampledType,131790,13.141486
02-01-2023 09:30:29,ResampledType,-197294,13.157093
02-01-2023 09:30:30,ResampledType,55103,13.128903
02-01-2023 09:30:31,ResampledType,155637,13.21947
02-01-2023 09:30:32,ResampledType,11669,13.382068
02-01-2023 09:30:33,ResampledType,13221,13.506741
02-01-2023 09:30:34,ResampledType,-4600,13.469498
02-01-2023 09:30:35,ResampledType,-282379,13.3991
02-01-2023 09:30:36,ResampledType,56501,13.23028
02-01-2023 09:30:37,ResampledType,-3941,13.3260355
02-01-2023 09:30:38,ResampledType,260944,13.321978
02-01-2023 09:30:39,ResampledType,5780,13.458063
02-01-2023 09:30:40,ResampledType,9255,13.602493
02-01-2023 09:30:41,ResampledType,812,13.6922035
02-01-2023 09:30:42,ResampledType,-268608,13.7386465
02-01-2023 09:30:43,ResampledType,-3412,13.665465
02-01-2023 09:30:44,ResampledType,58254,13.644155
02-01-2023 09:30:45,ResampledType,19305,13.819964
02-01-2023 09:30:46,ResampledType,-6761,13.794217
02-01-2023 09:30:47,ResampledType,-253150,13.77317
02-01-2023 09:30:48,ResampledType,-44871,13.753628
02-01-2023 09:30:49,ResampledType,407727,13.808046
02-01-2023 09:30:50,ResampledType,-956522,13.929229
02-01-2023 09:30:51,ResampledType,354435,13.884085
02-01-2023 09:30:52,ResampledType,468660,14.044571
02-01-2023 09:30:53,ResampledType,-28609,14.1334095
02-01-2023 09:30:54,ResampledType,212251,14.131762
02-01-2023 09:30:55,ResampledType,29116,14.244317
02-01-2023 09:30:56,ResampledType,-23400,14.258582
02-01-2023 09:30:57,ResampledType,34963,14.188082
02-01-2023 09:30:58,ResampledType,-84329,14.196965
02-01-2023 09:30:59,ResampledType,-155561,14.210757
02-01-2023 09:31:00,ResampledType,180623,14.170641
02-01-2023 09:31:01,ResampledType,-46788,14.1779585
02-01-2023 09:31:02,ResampledType,-405141,14.204344
02-01-2023 09:31:03,ResampledType,138349,14.184372
02-01-2023 09:31:04,ResampledType,-1623431,14.172756
02-01-2023 09:31:05,ResampledType,-56979,14.021744
02-01-2023 09:31:06,ResampledType,1823858,13.885975
02-01-2023 09:31:07,ResampledType,-151439,13.907321
02-01-2023 09:31:08,ResampledType,228927,13.752777
02-01-2023 09:31:09,ResampledType,-474861,13.73499
02-01-2023 09:31:10,ResampledType,-125209,13.708944
02-01-2023 09:31:11,ResampledType,-642680,13.60746
02-01-2023 09:31:12,ResampledType,1167046,13.561589
02-01-2023 09:31:13,ResampledType,-248072,13.460255
02-01-2023 09:31:14,ResampledType,-182587,13.309946
02-01-2023 09:31:15,ResampledType,-681542,13.457781
02-01-2023 09:31:16,ResampledType,-197139,13.553342
02-01-2023 09:31:17,ResampledType,1214377,13.513463
02-01-2023 09:31:18,ResampledType,-1210694,13.463152
02-01-2023 09:31:19,ResampledType,71516,13.34331
02-01-2023 09:31:20,ResampledType,493824,13.371843
02-01-2023 09:31:21,ResampledType,203601,13.35568
02-01-2023 09:31:22,ResampledType,-423285,13.241556
02-01-2023 09:31:23,ResampledType,194792,13.03185
02-01-2023 09:31:24,ResampledType,-2056873,13.090584
02-01-2023 09:31:25,ResampledType,709059,13.127905
02-01-2023 09:31:26,ResampledType,2029574,13.145561
02-01-2023 09:31:27,ResampledType,-11933,13.092705
02-01-2023 09:31:28,ResampledType,-680,13.096517
02-01-2023 09:31:29,ResampledType,-1744847,13.04952
02-01-2023 09:31:30,ResampledType,-55000,12.881823
02-01-2023 09:31:31,ResampledType,2089746,12.9172
02-01-2023 09:31:32,ResampledType,-135985,13.029993
02-01-2023 09:31:33,ResampledType,-3531,13.045989
02-01-2023 09:31:34,ResampledType,-20546,13.053233
02-01-2023 09:31:35,ResampledType,-156931,12.996212
02-01-2023 09:31:36,ResampledType,225770,12.696346
02-01-2023 09:31:37,ResampledType,-230302,12.778217
02-01-2023 09:31:38,ResampledType,-13783,12.767294
02-01-2023 09:31:39,ResampledType,-22281,12.64871
02-01-2023 09:31:40,ResampledType,-93116,12.601314
02-01-2023 09:31:41,ResampledType,-525863,12.592989
02-01-2023 09:31:42,ResampledType,-1342,12.64855
02-01-2023 09:31:43,ResampledType,-146790,12.346781
02-01-2023 09:31:44,ResampledType,-1424423,12.338023
02-01-2023 09:31:45,ResampledType,-4781,12.4565115
02-01-2023 09:31:46,ResampledType,2280007,12.462532
02-01-2023 09:31:47,ResampledType,62525,12.585922
02-01-2023 09:31:48,ResampledType,-256138,12.61124
02-01-2023 09:31:49,ResampledType,198172,12.573833
02-01-2023 09:31:50,ResampledType,125344,12.576718
02-01-2023 09:31:51,ResampledType,-55084,12.660999
02-01-2023 09:31:52,ResampledType,35426,12.613695
02-01-2023 09:31:53,ResampledType,121419,12.675109
02-01-2023 09:31:54,ResampledType,-122650,12.666755
02-01-2023 09:31:55,ResampledType,86466,12.48758
02-01-2023 09:31:56,ResampledType,-336845,12.553396
02-01-2023 09:31:57,ResampledType,-155326,12.357862
02-01-2023 09:31:58,ResampledType,416420,12.308327
02-01-2023 09:31:59,ResampledType,-661886,12.2985
02-01-2023 09:32:00,ResampledType,433459,12.118681
02-01-2023 09:32:01,ResampledType,1002,12.152529
02-01-2023 09:32:02,ResampledType,275814,12.117634
02-01-2023 09:32:03,ResampledType,3749,12.1266
02-01-2023 09:32:04,ResampledType,62987,12.226706
02-01-2023 09:32:05,ResampledType,-15221,12.269514
02-01-2023 09:32:06,ResampledType,-444667,12.250129
02-01-2023 09:32:07,ResampledType,-1013,12.218318
02-01-2023 09:32:08,ResampledType,-33222,12.197544
02-01-2023 09:32:09,ResampledType,427263,12.236294
02-01-2023 09:32:10,ResampledType,-318,12.318893
02-01-2023 09:32:11,ResampledType,-63866,12.276184
02-01-2023 09:32:12,ResampledType,-465364,12.245393
02-01-2023 09:32:13,ResampledType,316400,12.286578
02-01-2023 09:32:14,ResampledType,264168,12.330219
02-01-2023 09:32:15,ResampledType,81917,12.33754
02-01-2023 09:32:16,ResampledType,-921191,12.276615
02-01-2023 09:32:17,ResampledType,-648654,12.067743
02-01-2023 09:32:18,ResampledType,1265735,11.899481
02-01-2023 09:32:19,ResampledType,-17530,11.966891
02-01-2023 09:32:20,ResampledType,193493,11.946888
02-01-2023 09:32:21,ResampledType,-871930,11.96412
02-01-2023 09:32:22,ResampledType,-1700950,11.943863
02-01-2023 09:32:23,ResampledType,28336,11.915427
02-01-2023 09:32:24,ResampledType,1024397,11.822763
02-01-2023 09:32:25,ResampledType,1397324,12.017881
02-01-2023 09:32:26,ResampledType,-6730,12.032221
02-01-2023 09:32:27,ResampledType,-1462561,12.021759
02-01-2023 09:32:28,ResampledType,-253543,11.992504
02-01-2023 09:32:29,ResampledType,1727679,11.98724
